1998 3088
169 129 235 181 10
826 92 1206 170 KOPNOTTOT*

164 248 377 300 νωνιάν
425 248 538 300 τῶν
593 242 913 312 ἀνθρώπων
966 244 1058 298 καὶ
1112 246 1480 315 παραγγείλας
1533 241 1722 310 αὐτοῖς
1775 239 1848 314 μὴ

164 331 378 389 ἀδικεῖν
419 332 693 404 ἀλλήλους
733 325 896 398 οὗτός
936 334 1048 388 ἐστι
1087 366 1158 373 -
1197 333 1289 388 καὶ
1327 335 1440 388 τῶν
1481 336 1738 405 Χαρίτων
1783 364 1845 374 -

165 422 430 476 ἐντεῦθέν
467 443 523 476 τε
562 421 667 492 γάρ
708 423 851 476 εἰσιν
888 423 950 475 αἱ
983 424 1083 476 τοῦ
1129 424 1449 492 χαρίζεσθαι
1494 421 1586 475 καὶ
1634 418 1851 491 εὐεργε-

163 521 279 565 τεῖν
312 508 474 581 ἀρχαὶ
512 542 572 549 -
608 509 699 564 καὶ
730 511 843 564 τῶν
874 506 1076 580 Ὡρῶν,
1114 511 1228 564 τῶν
1261 507 1398 564 κατὰ
1435 506 1532 573 τὰς
1569 511 1670 564 τοῦ
1702 528 1851 580 περι-

121 614 142 646 5
167 599 389 668 ε’χοντος
446 595 750 668 μεταβολὰς
804 601 1110 668 σωτηρίους
1162 599 1275 651 τῶν
1337 596 1423 651 ἐπὶ
1478 599 1578 667 γῆς
1632 598 1851 667 γινομέ-

166 707 285 740 νων
329 686 420 740 καὶ
468 688 582 740 τῶν
629 682 814 739 ἄλλων
855 683 1270 756 ὠνομασμένων
1310 682 1417 740 ἀπὸ
1457 688 1554 755 τῆς
1589 686 1852 755 φυλακῆς.

164 772 564 845 παρεισάγουσι
604 770 654 828 δ’
696 769 871 828 αὐτὸν
904 777 1119 828 τελείου
1150 771 1357 844 ἀνδρὸς
1388 771 1610 843 ἡλικίαν
1637 776 1853 844 ἔχοντα,

164 862 279 918 ἐπεὶ
332 860 458 917 οὔτε
507 860 569 917 τὸ
621 859 976 933 παρηκμακός
1026 859 1151 916 οὔτε
1201 859 1263 916 τὸ
1316 860 1529 926 ἐλλιπὲς
1578 862 1853 931 ἐμφαίνει,

163 948 523 1021 κατηρτυκότι
566 948 627 1004 δὲ
669 952 898 1018 οἰκεῖον,
949 948 1041 1003 διὰ
1089 952 1252 1004 τοῦτο
1300 948 1390 1002 καὶ
1437 952 1663 1004 τελείων
1704 946 1851 1022 αὐτῷ

101 1056 143 1088 10
165 1039 480 1109 θυομένων.
541 1036 602 1092 τὸ
639 1036 700 1092 δὲ
732 1040 1011 1108 σκῆπτρον
1044 1040 1140 1107 τῆς
1166 1040 1495 1102 δυναστείας
1517 1035 1692 1092 αὐτοῦ
1718 1036 1853 1107 σύμ-

163 1125 336 1197 βολόν
377 1127 516 1195 ἐστι,
555 1124 847 1195 βασιλικὸν
887 1123 1114 1196 φόρημα
1151 1122 1433 1201 ὑπάρχον,
1469 1121 1503 1196 ἢ
1535 1128 1636 1181 τοῦ
1677 1124 1853 1180 ἀπτῶ-

164 1236 270 1280 τως
314 1212 485 1269 αὐτὸν
533 1217 677 1285 ἔχειν
723 1213 814 1267 καὶ
862 1210 1128 1283 ἀσφαλῶς
1174 1211 1249 1278 ῶς
1285 1212 1417 1279 τοὺς
1463 1213 1550 1269 ἐπὶ
1595 1212 1855 1285 βάκτροις

164 1302 610 1375 ἐρηρεισμένους·
657 1298 720 1356 τὸ
763 1300 823 1356 δὲ
865 1305 1045 1371 βέλος,
1087 1298 1115 1356 ὃ
1157 1302 1217 1356 ἐν
1255 1304 1320 1374 τῇ
1362 1304 1512 1375 δεξιᾷ
1550 1301 1690 1373 χειρὶ
1729 1322 1854 1356 κατ-

165 1392 299 1462 έχει,
351 1390 689 1461 σαφεστέρας
736 1386 770 1460 ἢ
823 1387 941 1445 κατ’
994 1388 1320 1460 ἐπεξήγησιν
1371 1388 1854 1460 ὀνομασίαςέστί.

100 1495 142 1528 15
164 1482 446 1550 πολλαχοῦ
494 1478 555 1533 δὲ
603 1478 695 1533 καὶ
743 1482 928 1548 Νίκην
979 1480 1220 1548 κρατῶνῪ
1247 1477 1559 1534 πλάττεται·
1612 1483 1853 1551 περίεστι

165 1567 270 1639 γὰρ
317 1567 542 1622 πάντων
587 1566 679 1621 καὶ
725 1563 896 1636 ἡττᾶν
944 1563 1118 1621 αὐτὸν
1166 1563 1334 1621 οὐδὲν
1383 1566 1631 1622 δύναται.
1711 1563 1856 1638 ἱερὸς

167 1653 219 1710 δ’
265 1654 420 1726 ὅρνις
466 1652 640 1709 αὐτοῦ
687 1650 845 1718 ἀετὸς
889 1655 1103 1724 λέγεται
1153 1651 1298 1708 εἶναι
1347 1652 1439 1708 διὰ
1478 1654 1540 1709 τὸ
1588 1651 1854 1720 ὀξύτατον

164 1747 327 1799 τοῦτο
374 1746 487 1799 τῶν
532 1745 759 1814 πτηνῶν
805 1739 963 1797 εἶναι.
1042 1742 1296 1812 στέφεται
1343 1740 1395 1797 δ’
1449 1744 1604 1815 ἐλαίᾳ
1653 1741 1744 1798 διὰ
1790 1741 1852 1798 τὸ

166 1831 423 1896 ἀειθαλὲς
460 1830 552 1886 καὶ
591 1829 828 1902 λιπαρὸν
866 1831 958 1885 καὶ
998 1831 1383 1901 πολύχρηστον
1423 1826 1456 1901 ἢ
1498 1829 1591 1886 διὰ
1627 1831 1732 1902 τὴν
1766 1831 1854 1902 ε’μ-

100 1938 144 1970 20
168 1924 395 1991 φέρειαν
434 1922 531 1990 τῆς
568 1916 707 1990 πρὸς
744 1916 843 1974 τὸν
894 1915 1141 1990 οὐρανὸν
1180 1916 1566 1989 γλαυκότητος.
1642 1919 1855 1988 λέγεται

167 2007 220 2063 δ’
263 2006 372 2063 ὑπό
417 2029 586 2063 τινων
632 2007 724 2062 καὶ
774 2005 1029 2078 ἀλάστωρ
1079 2006 1172 2061 καὶ
1210 2012 1557 2077 παλαμναῖος
1595 2009 1668 2079 τῷ
1719 2006 1852 2074 τοὺς
1899 2031 1902 2034 ⁴

166 2093 475 2165 ἀλάστορας
520 2094 612 2148 καὶ
657 2097 1040 2164 παλαμναίους
1085 2092 1361 2162 κολάζειν,
1408 2096 1521 2147 τῶν
1567 2093 1668 2163 μὲν
1714 2091 1852 2149 ὦνο-

259 2283 298 2323 1.
325 2273 497 2328 αὐτοὺς
520 2291 550 2321 α
567 2301 624 2309 -
641 2280 682 2320 3.
709 2271 939 2320 ἐντεῦθεν
973 2276 1064 2334 [τε]
1091 2272 1178 2332 γάρ
1198 2277 1257 2320 bc
1273 2301 1328 2308 —
1351 2278 1626 2332 χαρίζεσθαι
1643 2291 1673 2321 a
1697 2278 1854 2321 δανεί-

171 2341 337 2392 ζεσθαι
362 2338 421 2381 bc
445 2361 499 2368 -
527 2341 566 2380 6.
600 2334 811 2391 φυλακῆς
840 2350 870 2379 α
902 2332 1089 2390 φύσεως
1120 2335 1179 2379 bc
1204 2360 1256 2366 -—
1285 2339 1324 2379 7.
1359 2333 1545 2393 ἔχοντα]
1580 2348 1635 2379 ex
1668 2333 1855 2391 ἔχοντος

170 2410 284 2441 cort.
317 2395 373 2439 N
397 2420 454 2427 —
487 2399 527 2438 9.
560 2391 872 2448 κατηρτυκότι
901 2393 956 2437 N
963 2393 1064 2436 XL
1096 2390 1392 2449 κατηρτικότι
1424 2390 1466 2437 α’
1486 2393 1527 2437 V
1564 2410 1757 2450 κατηρτι
1792 2393 1849 2451 G1

170 2451 535 2524 κατηρτισμένοι)
558 2452 735 2496 intruso
763 2448 814 2496 τὸ
843 2453 951 2508 post
975 2447 1196 2508 ἐμφαίνει
1225 2451 1283 2509 G2
1312 2449 1364 2496 τὸ
1391 2451 1444 2496 δὲ
1469 2448 1759 2508 κατηρτυκός
1781 2452 1858 2496 vel

171 2529 306 2568 -ηκος
328 2525 352 2556 c
383 2537 438 2543 -
473 2516 542 2556 10.
570 2515 639 2554 11.
671 2506 723 2553 τὸ
754 2508 807 2555 δὲ
841 2510 1074 2566 σκῆπτρον
1105 2511 1187 2564 τῆς
1211 2511 1398 2555 δυναστ.
1426 2527 1469 2555 α.
1496 2507 1727 2567 σύμβολόν
1760 2507 1856 2555 ἐστι

174 2570 414 2617 XMLbc
444 2586 481 2615 τ.
510 2567 563 2613 δὲ
599 2565 828 2625 σύμβολον
852 2569 933 2624 τῆς
957 2570 1058 2614 δυν.
1091 2565 1236 2612 αὐτοῦ
1272 2565 1367 2613 ἔστι
1394 2569 1441 2612 Ρ
1463 2595 1517 2601 -
1545 2573 1731 2613 11-14.
1759 2566 1855 2613 ἐστι

172 2625 436 2688 [βασιλικὸν
475 2645 525 2684 φ.
557 2622 637 2672 ὑπ.
669 2623 697 2683 ἢ
737 2627 819 2671 τοῦ
854 2653 908 2659 -
948 2623 1203 2684 ὀνομασίας
1244 2622 1359 2685 ἐστι]
1401 2628 1460 2672 bc
1491 2652 1546 2660 —
1586 2623 1693 2672 ἀπτ.
1734 2643 1777 2671 α.
1812 2645 1853 2672 κ.

172 2692 283 2750 ἀσφ.
319 2693 443 2767 ἕξειν
471 2694 523 2737 X
552 2720 607 2726 —
644 2698 711 2738 13.
746 2693 877 2763 βέλος
901 2693 1042 2738 Schm.
1076 2690 1245 2745 κράτος
1272 2692 1308 2736 O
1342 2718 1395 2725 —
1432 2698 1500 2738 16.
1533 2689 1676 2737 οὐδὲν
1708 2690 1853 2748 ἠττᾶν

171 2770 215 2798 οι.
250 2755 275 2798 b
309 2754 407 2797 ουδ.
441 2749 587 2808 ἡττᾶν
619 2749 766 2797 αὐτου
802 2752 876 2797 Ge
908 2778 959 2784 -
998 2757 1064 2796 17.
1099 2748 1237 2802 ἀετὸς
1268 2748 1443 2806 (αἰετὸς
1467 2753 1512 2806 α)
1538 2751 1632 2795 αΝ
1658 2748 1682 2795 ὃ
1717 2747 1855 2802 ἀετός

172 2826 195 2857 c
228 2838 281 2845 —
318 2817 383 2857 18.
418 2812 555 2856 τοῦτο
588 2827 623 2856 ε.
657 2828 695 2856 τ.
727 2827 799 2857 πτ.
835 2812 859 2856 b
892 2810 1057 2855 τοῦτον
1090 2808 1213 2854 εἶναι
1245 2810 1336 2854 τῶν
1369 2806 1520 2853 ἄλλων
1551 2826 1623 2854 πτ.
1657 2823 1680 2854 c
