1998 3088
208 143 277 195 18
865 141 1238 199 ΚοΡΝοΤΤοΤ

206 258 397 325 αὐτὰς·
448 261 540 314 καὶ
586 257 691 330 γὰρ
739 261 835 329 τῆς
881 260 942 314 ἐν
992 257 1150 313 νυκτὶ
1198 257 1466 328 ζητήσεως
1518 260 1606 312 δεῖ
1645 255 1783 328 πρὸς
1828 279 1897 311 τα

204 345 343 403 κατὰ
383 350 665 402 παιδείαν·
705 344 992 417 εὐφρόνην
1031 348 1172 416 γοῦν
1213 344 1279 400 οὐ
1321 344 1394 400 δι’
1431 344 1565 401 ἄλλο
1598 366 1650 399 τι
1683 347 1740 400 οἰ
1774 365 1894 400 ποι-

205 435 331 506 ηταὶ
371 433 473 505 τὴν
514 435 685 490 νύκτα
725 433 1017 504 ἐκάλεσαν,
1056 433 1148 487 καὶ
1189 431 1217 488 ὃ
1252 431 1580 505 Ἐπίχαρμος
1618 423 1833 488 αὐτίκα

248 531 362 580 αἵτε
394 546 471 594 τι,
504 524 667 595 φησὶ,
709 528 854 589 ζατεϊ
884 521 1065 593 σοφόν
1104 544 1210 592 τις,
1250 520 1449 586 νυκτὸς
1488 523 1858 592 ἐνθυμητέον,

160 629 182 661 5
208 611 300 666 καὶ

348 683 527 738 πάντα
559 683 623 738 τὰ
659 687 936 739 σπουδαῖα
967 681 1166 747 νυκτὸς
1197 685 1408 753 μᾶλλον
1441 683 1817 754 ἐξευρίσκεται.

209 772 377 842 [τινὲς
425 769 477 825 δ’
522 769 787 840 Οὐρανοῦ
825 771 917 826 καὶ
963 774 1075 841 Γῆς
1121 775 1336 841 ἔφασαν
1384 768 1554 834 αὐτὰς
1600 773 1775 840 φῦναι
1822 769 1898 842 ὡς

204 859 573 932 ἀρχαιότατον
620 857 881 930 ἡγεῖσθαι
928 858 1027 914 τὸν
1077 859 1200 928 περὶ
1250 857 1466 914 τούτων
1515 857 1688 928 λόγον
1740 859 1897 914 δέον-

203 954 336 1017 τος].
414 951 821 1019 στεφανοῦνται
873 946 935 1002 δὲ
980 951 1221 1017 φοίνικι,
1273 945 1346 1012 ὡς
1396 948 1497 1016 μέν
1546 968 1692 1013 τινες
1742 952 1896 1018 νομί-

139 1054 182 1085 10
210 1042 423 1106 ζουσιν,
466 1034 558 1090 διὰ
590 1036 691 1106 τὴν
725 1032 1079 1105 ὁμωνυμίαν,
1115 1032 1222 1089 ἀπὸ
1255 1038 1356 1089 τοῦ
1394 1039 1677 1089 Φοινίκων
1706 1038 1896 1090 δοκεῖν

204 1122 417 1194 εὕρημα
464 1120 610 1178 εἶναι
654 1123 719 1178 τὰ
768 1122 1083 1195 γράμματα,
1136 1121 1210 1186 ὥς
1258 1121 1307 1176 δ’
1352 1121 1728 1193 εὐλογώτερόν
1782 1121 1891 1179 ἐστ’

205 1216 378 1282 ἔχειν,
427 1209 520 1266 διὰ
566 1210 628 1267 τὸ
675 1210 955 1283 τρυφερὸν
1001 1211 1092 1265 καὶ
1133 1208 1352 1279 εὐερνὲς
1399 1211 1491 1264 καὶ
1536 1207 1766 1277 ἀείζωον
1803 1211 1896 1266 καὶ

205 1299 601 1368 δυσανάβατον
640 1299 731 1353 καὶ
770 1297 1162 1368 γλυκύκαρπον
1201 1302 1300 1353 τοῦ
1345 1302 1540 1368 φυτοῦ.

317 1408 356 1442 c.
396 1390 477 1442 15.
513 1384 938 1457 Ἐπιβάλλοντος
970 1384 1021 1441 δ’
1051 1383 1210 1456 ἡμῖν,
1245 1384 1317 1450 ὡς
1349 1392 1587 1456 εἴρηται,
1619 1387 1710 1442 καὶ
1743 1385 1894 1459 εὐερ-

140 1494 185 1527 15
209 1486 444 1546 γετικοῖς
483 1473 652 1544 εἶναι,
691 1473 1152 1545 παραδεδώκασιν
1186 1476 1242 1549 οἱ
1269 1479 1515 1528 πλεῖστοι
1548 1473 1690 1539 Διὸς
1720 1482 1896 1544 θυγα-

326 1657 366 1695 2.
401 1647 641 1720 ευφρόνην
673 1650 791 1721 γοῦν
824 1666 879 1693 ου
913 1645 979 1693 δι’
1013 1647 1123 1693 αλλο
1158 1601 1294 1704 (ovgc'
1279 1617 1406 1693 αἄλλο
1440 1650 1515 1705 Χ)
1555 1667 1598 1693 τι
1630 1648 1679 1694 οἷ
1705 1650 1897 1722 ποιηταὶ

206 1707 249 1765 (ὁ
283 1706 479 1766 ποιητὴς
513 1710 583 1764 Χ,
623 1709 705 1754 sed.
744 1705 768 1752 ὁ
809 1723 902 1753 non
935 1710 1066 1779 pure)
1099 1724 1128 1752 a
1160 1724 1197 1753 ε.
1230 1705 1319 1764 γὰρ
1359 1705 1407 1752 οἷ
1435 1725 1480 1752 π.
1516 1724 1571 1752 ου
1609 1704 1674 1752 δι’
1707 1705 1819 1753 ἄλλο
1851 1727 1894 1752 τι

206 1771 266 1814 bc
297 1795 352 1802 —-
387 1773 426 1812 3.
463 1764 554 1840 [ὃ]
566 1765 685 1824 ἐπίχ.
718 1769 777 1812 bc
809 1793 863 1799 ——-
899 1763 1109 1841 [αὐτίκα]
1145 1769 1204 1812 bc
1235 1793 1290 1799 —
1322 1771 1364 1809 4.
1397 1769 1496 1810 αἵτε
1523 1784 1566 1811 τι
1595 1769 1729 1821 ζατεῖ
1752 1770 1899 1824 (ζητεῖ

207 1828 406 1883 Porson)
432 1825 582 1883 σοφόν
606 1843 689 1883 τις,
719 1823 890 1875 νυκτὸς
923 1822 1027 1869 ἔνθ.
1055 1826 1234 1870 Por-son
1256 1826 1433 1870 Lorenz
1457 1826 1504 1882 (1.
1529 1826 1559 1895 1.
1584 1841 1628 1882 p.
1655 1829 1759 1882 259)
1785 1829 1895 1870 εἴτι

203 1885 268 1939 (εἰ
295 1903 344 1931 τε
379 1901 494 1931 corr.
527 1886 576 1930 in
609 1884 654 1930 εἰ
681 1902 726 1929 τι
748 1886 811 1941 Β)
842 1884 890 1928 τὲ
927 1887 992 1954 (τε
1017 1885 1079 1941 Β)
1105 1885 1220 1941 φησὶ
1247 1887 1400 1959 ζητεῖς
1431 1881 1582 1940 σοφὸν
1613 1885 1695 1941 τῆς
1725 1881 1896 1936 νυκτὸς

205 1943 373 2002 ἐνθυμ.
401 1946 425 1989 b
459 1944 510 1989 εἴ
532 1961 580 1989 τε
613 1945 657 1988 τὶ
685 1947 833 2001 ζητεῖς
865 1940 1016 1999 σοφὸν
1055 1944 1134 2000 τῆς
1163 1960 1202 1988 ν.
1237 1940 1341 1988 ἐνθ’.
1362 1943 1426 1986 W
1453 1945 1569 1988 εἴτε
1603 1943 1646 1986 τὶ
1671 1945 1787 1999 φησὶ
1819 1946 1894 2000 ζη-

203 2010 300 2055 τεῖς
332 2019 369 2047 σ.
401 2004 483 2059 τῆς
514 2020 556 2046 ν.
590 2020 627 2048 ε.
659 2003 899 2047 Eudociae
929 2003 1055 2046 codd.
1093 2004 1172 2060 [αἴ
1193 2019 1242 2047 τε
1275 2002 1340 2060 τι]
1374 2002 1488 2056 φησὶ
1513 2004 1676 2071 (φησιν
1687 2003 1784 2072 Μ)
1819 2005 1892 2057 ζη-

205 2069 301 2113 τεῖς
325 2064 477 2118 (ζητεῖ
489 2063 563 2119 Χ)
588 2058 739 2117 σοφὸν
763 2058 846 2111 τὰς
872 2057 973 2117 (τὰς
999 2074 1112 2105 corr.
1137 2061 1187 2104 in
1209 2061 1291 2117 τῆς
1317 2061 1399 2116 Μ)
1432 2059 1600 2111 νυκτὸς
1621 2058 1813 2116 (νύκτας
1832 2062 1894 2118 Ρ)

208 2118 308 2165 ἔνθ.
346 2135 376 2164 α
407 2146 461 2152 —
497 2126 536 2165 6.
565 2119 700 2164 νυκτὶ
731 2121 791 2164 bc
823 2145 877 2150 -
913 2115 1229 2174 ἐξευρίσκεται
1255 2120 1435 2162 Porsen
1467 2115 1731 2189 εὑρίσκεται
1767 2119 1805 2163 0
1837 2145 1892 2151 -—

206 2185 247 2224 8.
275 2184 314 2223 9
341 2177 531 2228 δέοντος
562 2179 639 2236 Μ,
673 2174 875 2227 δεόντως
901 2177 938 2220 O
966 2203 1015 2208 —
1051 2183 1090 2221 9.
1119 2176 1213 2236 [δε]
1249 2179 1429 2233 φοίνικι
1454 2178 1479 2221 b
1511 2203 1566 2210 —
1592 2174 1654 2228 ὡς
1677 2176 1783 2248 μὲν]
1811 2178 1891 2221 καὶ

206 2254 269 2288 ως
293 2253 379 2307 μεν
405 2233 444 2281 b'
460 2262 512 2269 -—
544 2241 610 2280 10.
636 2232 730 2280 ἀπὸ
757 2237 847 2279 τῶν
874 2252 923 2291 φ.
949 2231 988 2278 b'
1013 2236 1230 2281 Eudocia
1254 2262 1311 2268 —
1338 2241 1405 2279 11.
1433 2252 1614 2307 ευρημα
1640 2232 1835 2293 (εὕρεμα
1861 2238 1895 2308 Ζ)

206 2293 276 2340 a'l
308 2292 548 2367 εὑρήματα
583 2291 759 2352 (εὖρέμ.
796 2295 865 2348 Χ)
899 2294 1038 2338 XNc
1069 2291 1306 2350 εὑρημένα
1337 2291 1455 2367 N2b‚
1493 2320 1546 2327 —
1582 2301 1649 2340 11.
1686 2300 1752 2341 12.
1796 2294 1873 2339 ἔστ

207 2354 333 2411 ἔχειν
358 2351 446 2410 (ἔτ’
459 2353 666 2411 ἔχεινῷα
689 2312 785 2397 ἐστι
810 2350 925 2409 (ἐστι
941 2353 1014 2409 Ν)
1041 2351 1288 2411 [ἐἭχῊὶο-
1314 2358 1381 2397 12.
1401 2350 1691 2410 εὖτρυφερὸν
1711 2349 1890 2409 (ευτρύ-

207 2428 355 2468 φερον
384 2412 448 2468 Ρ)
481 2427 511 2456 α
541 2438 597 2444 -
613 2411 827 2483 Insignis
860 2414 930 2456 est
967 2411 1102 2456 huius
1134 2413 1301 2482 capitis
1334 2413 1458 2483 apud
1481 2412 1733 2456 Eudociam
1758 2413 1892 2457 ordo:

299 2469 409 2526 ,(αἴ
436 2469 488 2514 δε
514 2466 627 2525 παρ’
648 2466 845 2526 Ησιόδῳ
873 2466 1013 2514 ἐννέα
1044 2468 1310 2543 λεγόμεναι)
1338 2468 1516 2514 σύνεισι
1535 2471 1615 2515 καὶ
1646 2467 1894 2527 συγχορεύ-

207 2545 340 2574 ουσιν
359 2554 412 2561 -
433 2528 557 2585 ἔχειν
575 2531 660 2572 δεῖ.
694 2526 966 2584 συγχορεύει
984 2526 1030 2572 δ’
1047 2527 1213 2580 αυταῖς
1231 2527 1255 2573 ὁ
1269 2526 1493 2574 Ἀπόλλων
1510 2555 1565 2563 --
1584 2527 1787 2580 δέοντος.
1813 2529 1894 2572 καὶ

206 2584 402 2657 θήλειαι
427 2586 479 2632 δε
504 2585 818 2658 παρήχθησαν
843 2613 898 2619 -
924 2590 1261 2644 περιγίνεσθαι
1296 2587 1411 2644 (ἔστι
1443 2584 1488 2632 δ’
1519 2587 1669 2632 εἰπεῖν
1697 2588 1778 2630 καὶ
1810 2584 1891 2632 διὰ

205 2643 259 2690 τὸ
283 2643 478 2715 γόνιμον
510 2641 534 2689 ὃ
557 2647 712 2702 ψυχῆς
736 2642 986 2700 διαγνωσει
1017 2649 1228 2703 γίνεται.)
1260 2647 1606 2701 στεφανοῦνται
1635 2671 1691 2678 -
1724 2646 1892 2701 φυτοῦ.

206 2703 287 2748 καὶ
312 2702 463 2748 Κλειὼ
489 2720 574 2761 μεν
598 2730 655 2736 -
683 2707 780 2763 βίος
812 2703 919 2750 ἐστί.
958 2704 1172 2749 Ceterum
1197 2706 1304 2749 vide
1335 2719 1393 2749 ne
1424 2707 1575 2749 totum
1607 2705 1663 2748 de
1696 2704 1891 2761 singulis

202 2777 373 2807 novem
401 2762 544 2806 Musis
569 2776 749 2807 comma.
781 2761 956 2832 (Ἄλλως
979 2762 1032 2807 δὲ
1058 2761 1207 2808 Κλειω
1236 2790 1288 2796 -
1315 2759 1531 2819 ὀπηδεῖν)
1556 2762 1805 2807 insiticium
1832 2763 1893 2806 sits

326 2822 422 2866 XV.
460 2818 963 2878 14.15.εὐεργετικὰς
998 2823 1055 2866 bc
