1998 3088
811 125 1143 168 EIIIAPOMH.
1790 126 1824 178 3

130 240 299 297 ὅλων.
375 241 510 312 τάχα
552 239 603 295 δ’
641 236 712 295 ἄν
745 238 855 295 εἷεν
896 239 1022 295 θεοὶ
1054 242 1287 311 θετῆρες
1324 240 1415 295 καὶ
1453 242 1675 312 ποιηταὶ
1715 245 1833 298 τῶν·

123 318 464 400 γινομένων.

247 439 287 473 o.
320 421 369 473 2.
409 414 618 487 ‘'Qut-sp
652 416 714 471 δὲ
746 414 901 487 ἡμεῖς
923 416 1030 471 ὑπὸ
1057 418 1235 489 ψυχῆς
1259 415 1647 488 διοικούμεθα,
1681 416 1825 473 οὕτω

132 507 224 561 καὶ
265 504 294 562 ὁ
334 504 540 576 κόσμος
579 502 762 575 ψυχὴν
804 508 913 575 ἔχει
951 504 1053 574 τὴν
1094 505 1444 575 συνέχουσαν
1493 502 1690 575 αὐτὸν,
1736 506 1828 560 καὶ

133 595 269 664 αὕτη
301 599 547 648 καλεῖται
581 591 766 662 Ζεύς,
806 593 1033 664 πρώτως
1063 592 1156 647 καὶ
1189 591 1283 647 διὰ
1312 591 1519 658 παντὸς
1560 596 1703 659 ζῶσα
1734 594 1827 648 καὶ
1850 611 1872 643 5

133 686 281 737 αι’τία
322 674 462 737 οῦσα
499 691 615 746 τοῖς
656 683 785 748 ζῶσι
818 684 920 736 τοῦ
956 683 1073 751 ζῆν’
1116 680 1208 735 διὰ
1245 685 1409 736 τοῦτο
1447 680 1509 737 δὲ
1545 682 1637 737 καὶ
1672 687 1828 752 βασι-

132 768 317 825 λεύειν
350 766 379 824 ὁ
414 766 553 833 Ζεὺς
584 769 798 839 λέγεται
829 771 942 824 τῶν
977 765 1149 839 ὅλων,
1191 766 1264 834 ὡς
1295 765 1366 823 ἂν
1397 770 1489 824 καὶ
1525 771 1587 825 ἐν
1624 768 1759 841 ἡμῖν
1791 768 1826 842 ἡ

130 857 276 929 ψυχὴ
309 857 402 912 καὶ
433 855 467 928 ῆ
500 855 668 928 φύσις
690 854 850 928 ἡμῶν
881 855 1198 927 βασιλεύειν
1224 845 1444 928 ῥηθείη.
1497 862 1611 912 Διά
1637 858 1698 914 δὲ
1731 857 1827 914 αὐ-

128 944 227 1002 τὸν
258 948 536 1016 καλοῦμεν
569 943 654 1001 ὅτι
687 943 761 1000 δι’
791 943 964 1001 αὐτὸν
996 949 1208 1016 γίνεται
1238 945 1332 1000 καὶ
1372 945 1599 1013 σώζεται
1629 946 1827 1003 πάντα.

128 1034 276 1107 παρὰ
310 1038 371 1090 δέ
403 1050 513 1089 τισι
537 1034 628 1089 καὶ
653 1031 802 1099 Δεὺς
825 1034 1056 1104 λέγεται,
1088 1032 1225 1105 τάχα
1249 1031 1356 1089 ἀπὸ
1381 1036 1484 1089 τοῦ
1511 1033 1698 1119 δεύειν
1723 1033 1824 1106 τὴν
1849 1051 1891 1082 10

128 1126 234 1195 γῆν
259 1120 299 1196 323
322 1123 682 1195 μεταδιδόναι
709 1131 825 1187 τοῖς
850 1125 978 1189 ζῶσι
1005 1124 1228 1192 ζωτικῆς
1253 1121 1486 1194 ἰκμάδος
1512 1127 1547 1192 [·
1564 1123 1656 1177 καὶ
1680 1121 1714 1194 ἡ
1739 1146 1825 1194 γε·

127 1211 254 1283 νικὴ
286 1199 491 1277 πτῶσις
526 1208 617 1266 ἀπ’
645 1208 816 1282 αὐτῆς
855 1212 969 1265 ἐστι
1002 1210 1175 1281 Λεός,
1208 1211 1580 1281 παρακειμένη
1612 1230 1730 1276 πως
1758 1215 1824 1285 τῇ

128 1299 308 1368 Διός].
364 1302 538 1355 οἰκεῖν
573 1297 635 1354 δὲ
667 1301 727 1354 ἐν
759 1301 835 1374 τῷ
877 1296 1100 1373 οὐρανῷ
1137 1299 1378 1368 λέγεται,
1419 1299 1535 1353 ἐπεὶ
1568 1299 1682 1354 ἐκεῖ
1710 1302 1822 1355 ἐστι

125 1386 187 1444 τὸ
220 1387 564 1458 κυριώτατον
595 1387 762 1459 μέρος
783 1390 880 1456 τῆς
910 1389 1010 1442 τοῦ
1041 1385 1256 1458 κόσμου
1280 1389 1480 1457 ψυχῆς·
1512 1387 1605 1442 καὶ
1635 1386 1741 1460 γὰρ
1767 1391 1828 1443 αἰ

126 1473 382 1546 ἡμέτεραι
414 1474 586 1545 ψυχαὶ
617 1476 727 1545 πῦρ
761 1477 919 1528 εἰσιν.
991 1493 1033 1529 e.
1065 1477 1114 1529 3.
1176 1473 1333 1545 Γυνὴ
1374 1474 1436 1530 δὲ
1473 1475 1566 1530 καὶ
1605 1473 1821 1548 ἀδελφὴ
1847 1492 1888 1525 15

126 1561 299 1618 αὐτοῦ
331 1562 704 1634 παραδέδοται
728 1559 894 1631 ἡἽ-Ιρ
906 1583 965 1630 α,
996 1559 1116 1632 ῆτις
1148 1562 1298 1617 ἐστὶν
1325 1559 1355 1618 ὁ
1381 1560 1503 1634 ἀήρ.
1546 1567 1822 1635 συνῆπται

123 1650 231 1722 γὰρ
264 1649 437 1715 εὐθὺς
471 1648 620 1726 αὐτῷ
652 1649 745 1703 καὶ
776 1648 1100 1719 κεκόλληται
1136 1650 1404 1721 αἰρομένη
1439 1648 1545 1706 ἀπὸ
1587 1654 1683 1722 τῆς
1722 1655 1824 1723 γῆς

125 1740 343 1794 ἐκείνου
382 1737 521 1811 αὐτῇ
561 1735 972 1807 ἐπιβεβηκότος·
1020 1736 1111 1791 καὶ
1158 1736 1461 1807 γεγόνασιν
1508 1738 1567 1792 ἐκ
1609 1741 1705 1808 τῆς
1743 1742 1823 1805 εἰς

122 1824 189 1881 τὰ
223 1823 362 1880 αὐτὰ
388 1828 616 1894 ῥύσεως,
649 1826 842 1896 ῥυεῖσα
866 1823 971 1895 γὰρ
998 1828 1075 1890 εἰς
1100 1824 1402 1895 λεπτότητα
1430 1822 1459 1896 ἡ
1488 1823 1651 1880 οὐσία
1676 1826 1738 1882 τό
1763 1848 1820 1882 τε

124 1917 234 1984 πῦρ
283 1913 375 1968 καὶ
420 1912 520 1968 τὸν
568 1909 703 1985 ἀέρα
748 1910 1066 1983 ὑφίστησιν.
1148 1910 1235 1983 ἐφ’
1279 1904 1322 1989 ᾧ
1369 1913 1462 1968 καὶ
1506 1911 1663 1970 Ῥέαν
1713 1913 1816 1986 τὴν
1842 1931 1886 1963 20

244 2112 281 2149 1.
323 2102 371 2149 οἴ
397 2103 508 2149 θεοὶ
542 2103 614 2149 Os.
647 2105 712 2149 ed.
741 2130 792 2136 —
830 2110 868 2148 1.
895 2109 935 2150 2.
961 2121 996 2149 τ.
1030 2104 1293 2176 γινομένων
1326 2098 1446 2148 ὅλων
1471 2106 1531 2149 bc

239 2164 295 2219 II.
329 2169 369 2209 3.
403 2160 497 2207 ὑπὸ
530 2162 694 2208 Struve
728 2165 900 2220 (opusc.
935 2163 1014 2207 sel.
1047 2163 1085 2219 I)
1119 2160 1214 2206 απὸ
1244 2163 1281 2206 0
1306 2189 1361 2196 —-
1395 2167 1434 2209 5.
1470 2159 1590 2219 αὑτὴ
1619 2163 1666 2207 Ρ
1696 2160 1815 2221 αὐτὴ

126 2223 273 2267 XlM
307 2248 366 2255 —
400 2222 581 2279 πρῶτος
613 2223 638 2266 b
670 2219 900 2279 πρότερον
939 2222 1016 2267 vel
1054 2219 1294 2278 πρώτερον
1325 2236 1348 2267 c
1381 2248 1435 2254 —
1476 2227 1514 2267 6.
1557 2219 1637 2266 διὰ
1676 2224 1816 2268 τοῦτο

124 2279 218 2339 [δὲ]
255 2278 380 2326 Xb'c
411 2307 466 2314 —
501 2286 540 2326 9.
574 2278 631 2324 τὰ
664 2297 711 2325 π.
735 2281 873 2326 NBc
906 2307 959 2313 —
996 2285 1065 2326 10.
1097 2297 1143 2325 π.
1176 2298 1215 2325 τ.
1249 2279 1301 2325 δὲ
1336 2282 1395 2327 bc
1426 2307 1484 2314 —
1519 2286 1585 2324 11.
1621 2283 1816 2337 ζωτικῆς

122 2340 188 2395 (in
218 2341 248 2386 1.
283 2354 344 2384 er.
376 2340 426 2384 in
465 2340 549 2396 V)]
582 2340 845 2397 σωματικῆς
880 2340 981 2383 XL
1021 2366 1075 2372 —
1112 2346 1180 2386 12.
1221 2336 1330 2391 δεὸς
1360 2339 1685 2397 παρακειμένη
1718 2341 1816 2391 πῶς

120 2399 175 2503 Βῆ
199 2400 336 2502 §mois
349 2399 436 2502 θα
450 2395 550 2449 διὸς
573 2395 754 2501 1α4διὸςὶ
781 2415 839 2469 ⁷15.=
868 2414 914 2443 π.
956 2399 1011 2501 τὶῆ
1043 2395 1155 2502 ἰἓιὸς
1184 2399 1240 2444 Ν
1244 2413 1267 2444 c
1305 2396 1408 2450 διὸς
1438 2415 1484 2442 π.
1518 2415 1565 2443 π.
1606 2400 1661 2455 τῆ
1703 2398 1815 2450 δεύς

339 2492 348 2502 .
439 2493 447 2502 .
483 2483 536 2490 -
630 2493 640 2503 .
705 2474 734 2500 α
907 2474 967 2501 κα

169 2489 187 2515 ²
237 2516 316 2560 III.
367 2521 434 2560 16.
482 2474 945 2573 παραδίδιοταιγαῗεεᾶ
989 2472 1118 2573 ρῗίυε
1161 2534 1178 2560 ι
1220 2516 1249 2562 i.
1293 2516 1324 2562 1.
1374 2530 1434 2561 er.
1482 2516 1556 2573 N)
1597 2516 1654 2560 Ν
1666 2516 1709 2561 G-
1756 2542 1811 2548 —
1864 2524 1867 2526 “

123 2579 189 2619 17.
240 2571 389 2647 εῦᾷὐς
428 2571 565 2619 a'lbc
605 2574 685 2633 [ε.]
737 2572 974 2647 Χ,ἒχγῦς
1011 2575 1158 2620 Schm.
1202 2600 1257 2607 —
1306 2573 1532 2632 αἰρομένη
1579 2570 1697 2645 ἀπὸ]
1733 2573 1812 2646 ἀί,-

120 2650 369 2750 ιρθῖεέῑνῖ.
398 2629 726 2737 27225022'135
907 2633 1199 2749 ffifflff
1213 2631 1811 2737 NB1⁸2ss2⁹252²⁶1251155²5

123 2746 200 2794 ἐπὶ
231 2751 310 2807 τῆς
343 2747 403 2795 αὖ
443 2751 491 2802 ’ς
521 2765 545 2796 c
576 2777 630 2783 —
666 2756 734 2796 19.
768 2749 944 2808 ῥύσεως
974 2751 1111 2809 Lany
1144 2749 1347 2809 ᾆεύσεως
1382 2751 1496 2797 Gale
1535 2748 1738 2801 νεύσεως
1772 2750 1810 2793 Ο

122 2834 178 2841 ——
212 2815 281 2855 20.
316 2805 396 2866 ἐφ’
433 2827 468 2868 ῳ
503 2810 583 2855 καὶ
608 2811 666 2855 be
697 2810 778 2854 καὶ
810 2808 888 2855 διὰ
921 2811 1058 2856 τοῦτο
1091 2826 1121 2854 α

1480 2884 1539 2927 1*
