1998 3088
821 142 1151 184 ΕΠῙΔΡΟΜΗ.
1757 142 1826 195 29

139 276 270 314 ναν·
323 255 438 329 ἅμα
491 255 597 327 γάρ
644 278 695 312 τι
752 261 810 312 ἔκ
854 279 1008 322 τινος
1051 262 1262 327 γίνεται
1315 259 1406 314 καὶ
1453 269 1707 328 παρεῖναι
1762 263 1828 332 τῇ

141 347 355 419 γενέσει
394 346 692 417 νομιστέον
729 345 937 417 ταύτην
976 344 1078 417 τὴν
1119 346 1362 417 δύναμιν
1401 351 1700 417 καλλίστην
1737 348 1828 402 καὶ

139 433 472 501 ἀξιοθέατον
513 428 704 489 οὖσαν.
780 433 843 489 τὸ
886 434 948 489 δὲ
976 432 1210 505 ’Ἑρεβος
1248 436 1307 490 ἐκ
1351 437 1452 489 τοῦ
1492 433 1679 499 Χάους
1718 437 1829 505 ἐγέ-

143 544 304 592 νετο,
336 519 366 577 ὁ
405 526 584 578 ποιῶν
623 523 922 593 ἐρέφεσθαι
960 523 1051 577 καὶ
1092 522 1611 595 περιλαμβάνεσθαί
1643 545 1692 578 τι
1724 521 1823 593 ὑφ’

141 612 333 681 ἑτέρου
370 609 561 681 λόγος,
608 609 753 666 καθὸ
793 610 883 665 καὶ
924 610 1128 666 τούτου
1174 613 1418 682 τυχοῦσα
1463 609 1497 682 ἡ
1539 615 1620 684 Γῆ
1661 632 1829 683 παρα·
1855 627 1875 659 5

140 703 323 772 χρῆμα
362 695 742 770 ὃμοιόσχημον
783 694 922 769 αὐτῇ
961 696 1061 752 τὸν
1102 695 1368 768 Οὐρανὸν
1408 699 1730 770 ἐγέννησεν,

763 788 858 840 ἵνα
897 808 993 856 μιν
1034 786 1157 857 περὶ
1196 785 1376 841 πάντα
1414 787 1705 857 καλύπτοι,

291 873 422 948 ὄφρ’
469 881 551 945 εἴη
592 872 897 946 μακάρεσσι
936 881 1094 938 θεοῖς
1134 875 1260 939 ἕδος
1299 872 1541 945 ἀσφαλὲς
1580 880 1714 944 αἰεί,

140 976 259 1031 τοῖς
290 962 371 1020 ἐπ’
402 960 551 1039 αὐτῷ
583 963 821 1017 θέουσιν
852 959 1075 1034 ἄστροις
1097 967 1444 1034 μακραίωσιν
1470 956 1634 1018 οὖσιν
1657 962 1834 1034 ἀσφαα

141 1053 232 1119 λὲς
258 1050 594 1123 οἰκητήριον.
638 1051 900 1121 ἐγέννησε
926 1049 987 1105 δὲ
1011 1047 1044 1121 ἡ
1071 1053 1150 1121 Γῆ
1175 1048 1276 1106 τὸν
1303 1048 1565 1120 Οὐρανὸν
1590 1050 1697 1107 ἀπὸ
1722 1055 1833 1108 τῶν
1860 1068 1902 1100 10

141 1139 600 1212 ἀναθυμιάσεων,
626 1137 875 1211 οὐρανοῦ
901 1142 1008 1194 νῦν
1034 1138 1357 1209 κοινότερον
1383 1141 1686 1211 λεγομένου
1701 1161 1836 1195 παν-

142 1228 237 1294 τὸς
267 1231 367 1284 τοῦ
398 1227 523 1299 περὶ
556 1224 733 1297 αὐτὴν
764 1230 1147 1299 λεπτομεροῦς.
1208 1230 1310 1282 τοῦ
1342 1220 1530 1292 Χάους
1570 1228 1631 1283 δὲ
1662 1228 1837 1299 θυγά-

141 1340 244 1389 τηρ
286 1317 399 1373 ἐστὶ
445 1316 537 1371 καὶ
584 1313 618 1387 ἡ
659 1315 803 1385 Νύξ
853 1314 882 1370 ὁ
930 1314 1037 1387 γὰρ
1085 1318 1301 1387 πρῶτος
1347 1314 1542 1386 ἀρθεὶς
1586 1314 1692 1372 άπὸ
1738 1319 1838 1372 τοῦ

143 1405 456 1478 ἀρχεγόνου
493 1401 672 1475 ὑγροῦ
715 1401 822 1474 ἀὴρ
856 1403 1109 1474 ζοφώδης
1145 1403 1237 1459 καὶ
1272 1403 1555 1469 σκοτεινὸς
1592 1398 1683 1475 ἦν,
1723 1402 1838 1460 εἶτα

144 1493 552 1564 λεπτύνομενος
590 1494 669 1556 εἰς
709 1492 911 1563 αἰθέρα
949 1492 1040 1546 καὶ
1081 1495 1202 1563 φῶς
1231 1493 1557 1564 μετέβαλεν,
1597 1491 1839 1563 εὐλόγως
1864 1509 1905 1540 1⁵

144 1582 361 1640 τούτων
402 1582 459 1636 ἐκ
504 1581 594 1650 τῆς
632 1576 834 1643 νυκτὸς
871 1580 1162 1650 γεγονέναι
1203 1580 1510 1651 ῥηθέντων.
1580 1578 1613 1652 ἡ
1655 1580 1716 1637 δὲ
1756 1586 1808 1636 Γ
1803 1571 1836 1652 ἦ

144 1663 211 1719 τὰ
262 1661 365 1734 ὅρη
415 1661 507 1716 καὶ
555 1659 616 1715 τὸ
663 1660 899 1730 πέλαγος
946 1661 1068 1731 ἑξῆς
1114 1660 1326 1730 λέγεται
1373 1665 1639 1731 γεννῆσαι
1684 1661 1837 1733 “ἄτερ

147 1743 446 1816 φιλότητος
485 1741 802 1813 έφιμέρου’·
856 1739 892 1812 ἥ
930 1762 987 1796 τε
1028 1739 1133 1811 γὰρ
1166 1740 1414 1796 θάλαττα
1453 1739 1746 1813 ὑπέμεινεν
1779 1744 1839 1797 ἐν

145 1837 263 1890 τοῖς
309 1830 518 1887 κοιλοῖς
564 1820 734 1892 αὐτῆς
776 1823 963 1892 μέρεσι
1011 1821 1147 1877 κατὰ
1187 1821 1497 1892 μεταβολὴν
1536 1820 1839 1890 ὑποστᾶσα,

146 1906 214 1962 τά
253 1927 311 1960 τε
351 1903 454 1977 ὅρη
493 1903 618 1974 περὶ
656 1901 718 1958 τὸ
759 1901 1061 1973 ἀνώμαλον
1105 1905 1201 1972 τῆς
1248 1902 1580 1974 συνιζήσεως
1626 1902 1722 1967 τὰς
1761 1904 1835 1970 ἐξ·
1861 1919 1904 1950 20

269 2013 307 2052 1.
341 2007 405 2064 τι]
439 2023 509 2051 τοι
546 2007 597 2050 Χ
626 2022 694 2057 τις
727 2006 826 2062 (sed
858 2023 880 2057 ς
912 2008 993 2062 er.)
1026 2006 1082 2049 N
1108 2032 1162 2038 -
1194 2010 1236 2049 4.
1270 2001 1294 2049 ὁ
1327 2006 1476 2049 ποιῶν
1519 2003 1779 2061 έρὲφεσθαι
1812 2021 1842 2051 a

147 2063 287 2111 ὁπότ’
316 2063 578 2123 ἐρέφεσθαι
600 2065 682 2109 Nc
714 2062 849 2109 ὁπότ’
879 2063 1087 2121 ἐρέφθαι
1111 2065 1235 2122 N2G
1266 2060 1460 2118 ὁπότερ’
1487 2061 1695 2120 ε’ρέφθαι
1719 2066 1763 2108 Β
1786 2090 1840 2098 -

149 2126 273 2186 [καὶ]
305 2128 453 2182 περιλ.
489 2125 541 2168 Χ
574 2150 628 2155 -
662 2129 702 2169 6.
735 2119 1069 2181 ὃμοιόσχημον’
1114 2124 1336 2168 Villoison
1373 2149 1424 2155 —
1460 2119 1577 2181 αὐτῇ
1617 2122 1654 2166 0
1696 2119 1839 2183 ἑαυτῇ

147 2185 292 2242 (quod
314 2186 475 2228 tamen
497 2197 526 2228 a
548 2182 659 2227 viris
684 2182 833 2229 doctis
856 2183 1174 2239 impugnatur)
1199 2182 1305 2227 Hes.
1327 2182 1507 2226 Th.126
1534 2178 1653 2239 αὐτῇ
1680 2181 1843 2227 Struve

149 2269 206 2276 —
245 2240 329 2288 τὸν
369 2238 576 2297 οὐρανὸν
607 2257 638 2287 a
674 2239 760 2299 τὴν
802 2243 857 2286 N
890 2243 1030 2286 τοῦτο
1061 2242 1106 2285 Β
1146 2258 1171 2285 τ
1210 2242 1360 2284 solum
1393 2241 1436 2285 G
1474 2239 1558 2297 τὴν
1597 2242 1685 2297 γῆν
1724 2255 1748 2285 c
1787 2267 1841 2274 -

151 2308 192 2348 7.
227 2302 325 2360 μιν]
361 2299 454 2358 μὴν
481 2301 532 2344 Χ
560 2297 622 2358 μὴ
650 2300 692 2345 G
725 2301 813 2360 [μ.]
846 2315 869 2345 c
902 2326 958 2333 —
984 2306 1022 2346 7.
1050 2305 1091 2345 8.
1124 2300 1230 2356 περὶ
1260 2298 1417 2344 πάντα
1447 2298 1674 2344 καλύπτοι
1708 2303 1841 2356 (corr.

151 2375 209 2406 ex
232 2377 295 2405 -ει
322 2361 384 2416 Ρ)
415 2356 527 2416 ὄφρ’
555 2361 629 2416 εἴη
654 2375 684 2404 a
707 2361 815 2406 Hes.
845 2360 926 2404 Th.
955 2365 1039 2405 127
1063 2359 1171 2416 περὶ
1194 2360 1353 2404 πᾶσαν
1386 2355 1523 2415 ἐέργη
1556 2355 1728 2415 (ἐέργει
1757 2359 1842 2416 X„

150 2435 218 2464 -οι
242 2419 328 2477 G„
361 2435 411 2475 -η
435 2419 464 2463 i.
490 2419 522 2462 l.
547 2431 609 2463 er.
635 2418 694 2472 B,
725 2419 851 2476 prius
878 2435 898 2463 ε
932 2433 988 2463 ex
1019 2434 1049 2474 η
1082 2432 1196 2463 corr.
1223 2418 1295 2473 N)
1330 2414 1391 2474 ἠδ
1418 2413 1536 2474 ’(ἡδ’
1572 2418 1615 2471 b)
1650 2420 1723 2473 εἴη
1758 2418 1841 2462 Xb

154 2478 386 2535 (fortasse,
412 2474 549 2534 ἐέργη
573 2477 623 2521 in
648 2474 802 2533 ἐέργοι
826 2480 1021 2534 mutato,
1045 2477 1384 2534 recipiendum3
1410 2477 1467 2521 cf.
1486 2476 1762 2521 Schssmann.
1782 2476 1843 2520 ad
1869 2519 1872 2521 Α

151 2537 184 2581 1.
202 2537 308 2581 Hes.
334 2539 383 2581 et
399 2535 451 2581 Ο.
470 2535 735 2581 Schneider.
762 2536 943 2582 Gallim.
964 2537 1006 2580 II
1025 2539 1128 2593 774)
1152 2552 1200 2581 π.
1217 2537 1377 2580 πᾶσαν
1424 2536 1497 2638 εἷ
1509 2532 1594 2591 τὴν
1616 2536 1706 2606 γῆν
1731 2537 1803 2591 εἴη
1821 2548 1844 2578 c

153 2621 210 2628 —
235 2601 276 2642 8.
302 2592 511 2651 ἀσφαλὲς
537 2593 652 2653 [αἰεὶ
671 2622 724 2628 -
744 2601 784 2641 9.
806 2601 874 2640 10.
899 2591 1034 2653 offam]
1054 2595 1095 2639 G
1120 2621 1167 2627 —
1191 2600 1231 2639 9.
1258 2589 1412 2653 [οὖσιν
1492 2594 1560 2652 'lc
1584 2609 1703 2638 ουσα
1719 2593 1843 2651 N,B

154 2679 209 2687 —
237 2659 306 2698 11.
337 2653 592 2710 λεγομένου
617 2651 886 2709 κοινότερον
911 2655 971 2699 bc
996 2679 1051 2686 —-
1081 2659 1146 2698 12.
1181 2672 1218 2697 t.
1244 2671 1281 2710 χ.
1310 2652 1404 2711 [δὲ]
1425 2654 1450 2697 b
1477 2679 1531 2685 -
1561 2658 1628 2696 15.
1654 2651 1762 2709 μετέ
1824 2678 1842 2683 -

153 2714 237 2769 βεν
260 2727 290 2757 a
324 2738 378 2745 —
415 2717 482 2757 16.
511 2709 563 2756 ἐκ
587 2713 669 2769 τῆς
699 2710 888 2770 νυκτὸς]
925 2729 960 2757 ε.
993 2730 1030 2758 τ.
1063 2713 1147 2768 γῆς
1178 2726 1201 2757 c
1226 2738 1277 2745 —
1313 2717 1380 2756 17.
1414 2707 1522 2780 ἑξῆς
1547 2707 1629 2767 (ἐξ.
1664 2709 1704 2755 α’
1721 2655 1843 2766 Kyta

156 2768 206 2824 ἐξ
237 2765 293 2827 ἧς
315 2772 375 2816 bc
398 2797 453 2803 —
478 2771 703 2827 γεννῆσαι
727 2786 756 2816 α
788 2771 1015 2827 γενέσθαι
1042 2772 1116 2828 M2
1136 2772 1194 2815 bc
1211 2797 1266 2803 —
1297 2775 1363 2815 18.
1390 2774 1637 2826 φιλοτητος
1660 2784 1688 2814 α
1714 2771 1841 2824 φιλο·

154 2826 369 2874 τάτουΝ
387 2827 614 2886 φιλτάτου
633 2831 659 2875 b
684 2828 947 2886 φιλωτάτου
966 2844 989 2874 c
1015 2855 1070 2862 —
1096 2835 1166 2876 20.
1192 2829 1300 2886 περὶ
1325 2826 1374 2873 τὸ
1404 2824 1654 2885 α’νώμαλον
1672 2828 1841 2872 Ioarm.
