1998 3088
9 1023 26 1087 -ιμι
13 919 22 971 -ι

813 140 1144 183 ΕΠῙΔΡΟΜΗ.
1748 142 1819 194 49

134 255 165 313 ὅ
207 254 372 321 αὐτὸς
411 252 514 312 ὢν·
564 253 691 310 οὔτε
730 253 837 326 γὰρ
877 257 1117 325 ἵσταται,
1164 254 1225 312 τὸ
1266 255 1509 313 σύνολον
1549 255 1819 330 ἆνηρέμη-

134 367 228 412 τος
265 342 556 416 ὑπάρχων,
603 346 654 398 ει’
688 343 778 398 καὶ
828 340 912 398 ὅτι
952 341 1186 413 μάλιστα
1225 338 1288 399 εὖ
1335 346 1629 416 βεβηκέναι
1670 349 1827 401 δοκεῖ

135 435 227 490 καὶ
277 431 579 497 ἀσάλευτος
628 429 797 501 εἶναι,
851 430 1191 502 θαυμασμόν
1244 453 1302 487 τε
1353 441 1470 497 τοῖς
1519 435 1823 504 ἐφεστῶσιν

138 523 225 577 ἐπὶ
264 519 366 591 τὴν
408 518 658 586 διάταξιν
695 517 869 575 αὐτοῦ
901 517 1078 574 πολὺν
1111 520 1336 590 ἐμποιεῖ.
1406 542 1448 577 ο.
1480 525 1566 577 27.
1613 525 1823 577 Τοῦτον

138 607 284 664 εἶναι
321 609 412 663 καὶ
451 606 551 664 τὸν
590 610 803 676 Πᾶνα,
851 606 1038 677 ἐπειδὴ
1084 611 1159 682 τῷ
1206 609 1371 663 παντὶ
1420 607 1449 664 ὁ
1491 607 1657 674 αὐτός
1696 611 1823 666 ἐστι.
1847 630 1868 663 5

138 697 229 751 καὶ
267 694 334 752 τὰ
372 695 474 766 μὲν
513 694 660 750 κάτω
701 694 866 750 λάσια
903 695 995 750 καὶ
1034 695 1289 766 τραγώδη
1331 695 1423 751 διὰ
1461 696 1564 767 τὴν
1601 700 1697 768 τῆς
1728 707 1828 769 γῆς

139 783 420 855 δασύτητα
461 788 632 855 ἔχειν,
672 781 739 838 τὰ
781 780 832 837 δ’
869 781 986 838 ἅνω
1027 781 1490 858 ἀνθρωπόμορφα
1530 784 1622 840 διὰ
1661 784 1722 841 τὸ
1764 787 1825 841 ἐν

137 876 212 946 τῷ
254 873 441 944 αἰθέρι
471 870 532 928 τὸ
565 869 902 943 ἡγεμονικὸν
935 870 1079 926 εἶναι
1110 876 1212 927 τοῦ
1241 871 1481 943 κόσμου,
1523 871 1550 928 ὃ
1586 872 1655 943 δὴ
1682 880 1827 943 λογι-

138 959 243 1016 κόν
275 962 402 1016 ἐστι.
463 959 675 1030 λάγνον
709 958 770 1014 δὲ
799 959 892 1014 καὶ
926 956 1160 1030 ὀχευτὴν
1191 958 1361 1015 αὐτὸν
1394 960 1828 1032 παρεισάγεσθαι

141 1046 235 1103 διὰ
273 1047 336 1103 τὸ
377 1050 593 1119 πλῆθος
632 1040 814 1118 ὧνπερ
854 1053 1046 1118 εἴληφε
1093 1051 1474 1118 σπερματικῶν
1513 1047 1698 1119 λόγων
1735 1049 1827 1103 καὶ
1855 1069 1895 1100 ιο

140 1140 253 1192 τῶν
289 1134 426 1192 κατὰ
466 1135 727 1206 σύμμιξιν
767 1136 821 1201 ἐξ
861 1133 1046 1190 αὐτῶν
1078 1136 1405 1206 γινομένων.
1463 1137 1525 1190 ἐν
1554 1147 1673 1200 ταῖς
1712 1135 1831 1208 ἐρή-

142 1247 266 1296 μοις
306 1223 367 1278 δὲ
407 1226 714 1295 διατρίβειν
759 1222 994 1293 μάλιστα
1039 1227 1135 1294 τῆς
1179 1223 1484 1294 μονότητος
1522 1222 1694 1279 αὐτοῦ
1736 1223 1829 1278 διὰ

141 1312 346 1368 τούτου
377 1313 807 1383 παρισταμένης·
849 1305 927 1376 εἷς
964 1309 1070 1382 γὰρ
1102 1312 1193 1366 καὶ
1226 1312 1533 1383 μονογενὴς
1564 1310 1592 1367 ὃ
1625 1312 1831 1384 κόσμος

143 1403 271 1456 ἐστί.
349 1398 446 1464 τὰς
485 1398 546 1454 δὲ
585 1398 830 1469 Νύμφας
868 1398 1116 1468 διώκειν,
1165 1398 1352 1471 ἐπειδὴ
1399 1405 1576 1471 χαίρει
1616 1411 1735 1466 ταῖς
1774 1403 1832 1456 ἐκ

143 1491 240 1559 τῆς
284 1490 386 1558 γῆς
429 1484 625 1558 ὑγραῖς
667 1485 1140 1557 ἀναθυμιάσεσιν,
1190 1480 1271 1543 ὦν
1314 1488 1482 1559 χωρὶς
1533 1486 1657 1544 οὐδ’
1707 1484 1830 1545 οἶόν
1856 1507 1898 1540 15

143 1575 191 1632 τ’
239 1576 389 1631 ἐστὶν
429 1573 602 1630 αὐτὸν
650 1573 1005 1630 συνεστάναι·
1052 1573 1114 1629 τὸ
1163 1575 1224 1629 δὲ
1263 1575 1611 1647 σκιρτητικὸν
1659 1575 1833 1632 αὐτοῦ

144 1665 236 1720 καὶ
286 1662 574 1720 παικτικὸν
626 1662 728 1734 τὴν
783 1660 869 1717 ἀεὶ
923 1666 1147 1733 κίνησιν
1199 1666 1312 1717 τῶν
1364 1661 1511 1718 ὅλων
1562 1664 1834 1735 ἐμφαίνει.

146 1756 378 1824 νεβρίδα
425 1752 487 1807 δὲ
533 1749 567 1822 ἢ
607 1755 898 1823 παρδαλῆν
938 1748 1109 1806 αὐτὸν
1148 1752 1396 1821 ἐνῆφθαι
1444 1750 1536 1805 διὰ
1574 1751 1676 1822 τὴν
1715 1772 1835 1806 ποι-

146 1845 329 1906 κιλίαν
367 1843 479 1895 τῶν
519 1837 739 1911 ἄστρων
777 1839 869 1894 καὶ
907 1842 1021 1894 τῶν
1061 1837 1246 1894 ἄλλων
1278 1838 1583 1910 χρωμάτων
1622 1837 1656 1894 ἃ
1687 1847 1830 1895 θεω-

270 2008 308 2046 1.
342 2006 382 2045 2.
414 1997 707 2057 ανηρέματος
742 1999 784 2044 G
817 1996 869 2044 ἐν
902 1997 1124 2057 ἠρεμήσει
1156 2000 1301 2045 Schm.
1335 2025 1390 2031 —
1431 2006 1471 2044 3.
1504 1997 1758 2051 ἀσάλευτος
1790 2001 1834 2044 L

150 2077 179 2106 a
180 2058 261 2118 'V2
287 2057 555 2110 ἄπώλευτος
578 2060 629 2102 Ν
647 2059 700 2116 Vl
731 2055 989 2109 απόλευτος
1015 2059 1130 2128 Gr'B²
1157 2054 1392 2109 απόλατος
1416 2073 1438 2103 c
1461 2055 1692 2111 απόλυτος
1707 2060 1835 2105 Eud

149 2093 396 2170 ἀτέλευτος
426 2118 471 2161 Β
511 2143 566 2150 —
607 2115 894 2175 θαυμασμὸν
933 2133 980 2162 τε
1015 2133 1045 2162 a
1047 2090 1130 2174 'V2²
1167 2120 1217 2163 θ.
1260 2115 1311 2162 δε
1353 2122 1450 2162 cett.
1484 2144 1538 2151 -
1580 2115 1837 2174 ἐφεστῶσιν

150 2180 315 2223 Struve
347 2175 599 2233 ἐφεστᾶσιν
634 2176 671 2221 O

268 2236 454 2280 XXVII.
487 2240 527 2280 4.
562 2241 601 2279 5.
637 2242 675 2281 6.
712 2236 899 2294 [τοῦτον
934 2233 1056 2279 εἶναι
1091 2261 1142 2266 -
1178 2230 1202 2278 ὁ
1237 2230 1380 2285 αὐτός
1413 2231 1507 2279 ἐστι
1547 2235 1645 2294 καὶ]
1679 2236 1743 2293 N
1782 2261 1837 2267 —

151 2301 192 2340 4.
226 2297 440 2340 τοιοῦτον
476 2295 548 2338 Os.
582 2296 648 2339 ed.
683 2321 734 2326 —
772 2300 808 2339 6.
845 2291 924 2338 δια
957 2291 1010 2338 τὸ
1044 2291 1128 2362 τὴν
1161 2289 1200 2337 b'
1235 2319 1290 2325 —
1333 2299 1371 2339 7.
1413 2290 1648 2363 δασύτητα
1682 2295 1777 2350 (sed
1810 2296 1839 2337 δ

151 2355 200 2398 in
242 2354 284 2398 V
309 2369 403 2398 non
435 2353 550 2397 satis
582 2353 851 2410 genuinum)
885 2368 914 2397 α
947 2348 1222 2408 θρασύτητα
1254 2353 1309 2396 N
1311 2352 1389 2397 Bc
1423 2349 1684 2422 τραχύτητα
1715 2353 1782 2410 Ν2
1796 2352 1838 2396 G

130 2439 209 2467 ‚—
243 2418 283 2457 9.
315 2409 490 2469 λαγνὸν
523 2411 620 2470 [δε]
648 2412 704 2455 Ν
727 2412 912 2483 λέγεται
945 2409 1040 2470 [δε]
1075 2411 1118 2455 G
1149 2437 1203 2442 —
1248 2416 1313 2455 14.
1358 2407 1546 2455 διώκειν
1586 2412 1641 2484 V?
1678 2385 1838 2455 διώκει

128 2471 194 2515 4Ο
227 2498 280 2503 -
316 2475 489 2515 14.15.
532 2468 584 2515 ἐκ
615 2471 710 2542 τῆς
728 2471 814 2527 γῆς
845 2467 1009 2527 ὑγραις
1047 2468 1144 2514 a'V
1170 2467 1221 2514 ἐκ
1265 2470 1342 2527 [τ.]
1386 2471 1469 2526 γῆς
1501 2466 1544 2514 ὑ.
1579 2444 1674 2542 ([υγ
1678 2470 1737 2541 ρ,.]
1774 2470 1873 2525 B).

154 2531 231 2574 Lb
271 2526 323 2574 ἑκ
363 2530 420 2588 [τ.
462 2530 523 2588 qn]
565 2530 657 2574 τῶν
690 2545 844 2586 υγρων
878 2543 901 2573 c
933 2556 986 2562 -
1029 2533 1096 2573 15.
1136 2522 1221 2600 [ὧν
1252 2529 1410 2586 χωρὶς]
1435 2529 1490 2572 Ν
1516 2554 1571 2560 --
1603 2487 1709 2573 ουδ’
1739 2526 1839 2572 οἷον

155 2589 224 2646 [τε
259 2609 314 2620 ·-
357 2594 424 2633 17.
458 2589 662 2658 κίνησιν]
695 2588 809 2645 LV
823 2589 906 2632 Nc
937 2584 1079 2632 οὐδὲν
1111 2582 1175 2645 [τ’
1204 2613 1259 2619 -
1296 2593 1361 2631 17.
1404 2587 1604 2645 κίνησιν]
1645 2589 1710 2645 Ν,
1725 2585 1762 2631 b'
1785 2612 1839 2618 —
1925 2592 1929 2596 '

157 2653 227 2692 17.
265 2645 513 2692 παικτικόν
540 2649 602 2691 Μ
638 2645 866 2703 πηκτικόν
916 2647 972 2705 V2
985 2647 1031 2689 P
1070 2644 1329 2701 πηδητικόν
1377 2645 1595 2690 Villoison
1643 2672 1699 2678 —
1746 2645 1841 2689 αἰεὶ

156 2706 286 2764 MV.
329 2732 378 2738 —
425 2703 640 2762 ἐκφαίνει
678 2707 703 2750 b
753 2733 807 2738 -
857 2711 924 2750 18.
964 2721 1059 2760 παρ
1062 2705 1178 2761 δαλῆ
1183 2721 1209 2748 ν
1252 2720 1281 2749 α
1283 2702 1361 2762 'V2
1414 2700 1646 2757 παρδαλιν
1685 2703 1843 2748 ΖΝΒο

155 2738 398 2821 πάρδαλιΞ
405 2781 432 2808 v
465 2765 582 2820 (sine
621 2765 762 2809 dubio
794 2764 952 2821 script.
987 2763 1178 2808 extabat
1208 2766 1253 2818 η)
1291 2762 1335 2806 G
1366 2787 1420 2795 —-
1464 2767 1516 2806 19
1550 2764 1597 2806 et
1627 2778 1669 2820 p.
1697 2768 1772 2815 50,
1802 2767 1839 2805 1.

156 2824 319 2878 θεωρ]
351 2827 532 2880 θεωρεῖ
558 2839 668 2874 τους
698 2823 763 2880 N
782 2823 835 2880 V

246 2903 705 2945 Connuws‚ed.1mng.
1551 2898 1578 2936 4
