1998 3088
177 127 208 179 8
837 128 1211 172 KOPNOTTOT

175 244 405 318 Κρόνον
445 248 731 317 εἰρῆσθαι,
778 243 880 315 τὴν
918 245 1220 316 γινομένην
1267 247 1400 311 τέως
1437 245 1651 317 πολλὴν
1697 246 1864 318 ῥύσιν

175 336 275 388 τοῦ
313 333 662 404 περιέχοντος
700 332 786 387 ἐπὶ
824 331 927 402 τὴν
967 335 1075 403 γῆν
1109 337 1310 389 ἔστειλε
1341 336 1667 407 λεπτοτέρας
1705 334 1863 406 ποιή-

177 437 319 476 σασα
356 419 452 487 τὰς
490 419 906 491 ἀναθυμιάσεις.
975 419 1008 492 ἡ
1051 421 1111 477 δὲ
1150 425 1251 478 τοῦ
1289 422 1503 494 κόσμου
1543 425 1709 495 φύσις
1747 425 1858 479 ἐπι-

177 508 449 580 σχύσασα,
503 506 575 581 ἣν
630 507 699 580 δὴ
756 514 870 564 Δία
925 511 1183 580 ἐλέγομεν
1237 518 1554 582 καλεῖσθαι,
1616 511 1677 567 τὸ
1733 516 1866 567 λίαν
1952 555 1955 562 ,

131 612 152 646 5
176 597 491 669 φερόμενον
530 601 626 668 τῆς
663 600 967 668 μεταβολῆς
1013 598 1200 670 ἐπέσχε
1247 599 1338 654 καὶ
1386 601 1616 670 ἐπέδησε
1659 619 1862 670 μακρο-

175 686 341 755 τέραν
381 683 723 756 διεξαγωγὴν
761 684 897 750 δοὺς
935 682 1083 761 αὐτῷ
1122 689 1195 761 τῷ
1228 685 1432 762 κόσμῳ.
1497 687 1669 757 [πάνυ
1702 685 1753 741 δ’
1792 690 1862 742 εἰ·

176 772 351 838 κότως
379 774 471 828 καὶ
502 770 892 845 ἀγκυλομήτην
923 776 1153 829 καλοῦσι
1186 773 1285 830 τὸν
1317 774 1572 846 Κρόνον,
1605 772 1866 845 ἀγκύλων

178 860 358 916 ὄντων
382 862 474 916 καὶ
506 861 1129 933 ὃυσπαρακολουθήτων
1155 859 1189 916 ἃ
1217 864 1531 933 μητιὰσεται
1562 862 1869 930 τοσούτους

175 946 456 1021 ἀριθμοὺς
494 951 815 1019 ἐξελίττων]

111 1053 154 1086 10
291 1042 355 1106 [ο.
387 1041 435 1094 8.
489 1035 627 1093 Κατ’
672 1036 846 1093 ἄλλον
887 1037 948 1093 δὲ
997 1037 1169 1107 λόγον
1208 1035 1307 1093 τὸν
1341 1036 1607 1094 Ὠκεανὸν
1648 1043 1868 1110 ἔφασαν

177 1125 484 1198 ἀρχέγονον
518 1125 661 1181 εἶναι
692 1124 917 1181 πάντων
942 1160 1010 1167 -
1036 1124 1104 1181 οὐ
1136 1123 1240 1197 γὰρ
1272 1130 1370 1196 μία
1399 1131 1716 1198 μυθολογία
1738 1129 1866 1200 περὶ

174 1217 376 1289 τοῦτον
417 1214 631 1285 ἐγένετο
663 1211 763 1268 τὸν
794 1212 967 1269 τόπον
1001 1245 1090 1283 —-‚
1129 1213 1333 1269 τούτου
1366 1211 1418 1268 δ’
1447 1212 1593 1269 εἶναι
1624 1227 1864 1285 γυναῖκα

183 1301 394 1373 Τηθύν.
471 1306 585 1357 ἔστι
634 1301 685 1356 δ’
717 1299 976 1366 Ὠκεανὸς
1023 1301 1123 1372 μὲν
1165 1299 1193 1357 ὁ
1237 1300 1418 1367 ὠκέως
1460 1301 1727 1374 νεόμενος
1773 1304 1866 1360 λό-

174 1412 272 1460 γος
302 1390 392 1445 καὶ
419 1391 612 1460 ἐφεξῆς
634 1388 1009 1460 μεταβάλλων,
1050 1388 1239 1459 Τηθὺς
1265 1389 1326 1444 δὲ
1350 1387 1383 1459 ἡ
1411 1390 1541 1458 [ἐπὶ]
1568 1394 1681 1446 τῶν
1707 1411 1864 1448 ποιο-

111 1493 153 1525 15
175 1477 354 1549 τήτων
395 1477 644 1548 ἐπιμονή.
707 1478 764 1532 ἐκ
802 1476 909 1547 γὰρ
945 1480 1040 1548 τῆς
1077 1476 1292 1546 τούτων
1325 1478 1678 1550 συγκράσεως
1715 1477 1750 1551 ἢ
1782 1503 1869 1552 μι-

177 1567 308 1632 ξεως
344 1564 642 1637 ὑφίσταται
680 1564 747 1620 τὰ
783 1563 938 1621 ὄντα·
981 1564 1150 1620 οὐδὲν
1191 1564 1241 1620 δ’
1286 1563 1356 1621 ἂν
1395 1559 1494 1638 ἦν,
1533 1571 1585 1623 εἰ
1620 1569 1871 1639 θάτερον

175 1652 409 1725 ἄμικτον
448 1652 767 1725 ἐπεκράτει.]
1377 1641 1381 1646 ’

294 1821 334 1860 3.
360 1820 400 1860 4.
437 1810 727 1888 ἐπισχύσασα
749 1811 886 1886 (ἐπιχ.
914 1815 1038 1870 Μ)α
1071 1810 1285 1884 ἐπίχυσιν
1310 1815 1411 1888 (sed
1436 1831 1501 1858 -ιν
1524 1816 1628 1862 inl.
1656 1821 1736 1873 er.)
1767 1814 1868 1862 ἐπι-

175 1871 358 1945 χύσασα
381 1874 436 1917 Ν
464 1870 673 1944 ἐπίχυσις
706 1869 965 1944 ἐπιχύσασα
990 1873 1033 1918 G
1058 1869 1294 1929 ἐπιχύσεις
1326 1869 1402 1918 ε’πι
1435 1869 1586 1919 ύσασα
1612 1889 1635 1920 c
1659 1901 1713 1908 —
1740 1882 1781 1920 4.
1807 1871 1867 1932 ἣν

177 1930 233 1989 δὴ
268 1934 348 1976 δία
381 1932 475 1978 αΝ
505 1927 563 1988 ἣν
598 1933 682 2005 [8.]
716 1933 797 1976 δία
834 1932 877 1976 G
906 1927 965 1988 ἣν
997 1932 1078 1976 καὶ
1117 1934 1197 1975 δία
1229 1946 1253 1976 c
1291 1958 1346 1964 —
1412 1931 1630 1992 λέγομεν]
1670 1935 1868 2004 λέγομεν

179 1992 303 2036 ΧΜ
332 2018 385 2024 -
423 1996 463 2035 5.
505 1989 710 2048 ἐπεπέὸη
716 2006 764 2036 σε
798 2004 822 2036 c
853 2018 907 2023 -
943 1996 982 2036 6.
1016 1986 1166 2061 αὐτῷ]
1200 1983 1345 2041 αὖθις
1375 1991 1522 2036 Schm.
1556 2018 1611 2024 —
1653 1998 1691 2037 7.
1723 1989 1869 2063 ἀγκυ-

175 2048 380 2120 λομήτην
403 2049 528 2095 Eud.
554 2064 585 2094 a
621 2008 938 2121 ἀγκυλόμητιν
970 2051 995 2094 b
1028 2045 1344 2105 ἀγκυλομῆτιν
1374 2063 1397 2093 c
1433 2075 1486 2081 ——
1521 2054 1561 2095 8.
1595 2048 1869 2107 μητιάσεται

175 2109 251 2153 vel
283 2123 393 2164 μητι
422 2108 599 2153 τελέσει
621 2109 758 2164 La‘ny
789 2105 849 2165 μὴ
883 2106 1120 2152 τελέσεται
1153 2109 1349 2163 (-εσεται
1380 2107 1410 2151 i.
1444 2107 1474 2151 1.
1504 2122 1566 2152 er.
1593 2109 1649 2164 G,
1682 2108 1867 2166 -έσηται

177 2169 216 2222 c)
244 2166 280 2210 O
313 2163 637 2233 μετελεύσεται
670 2167 893 2210 Villoison
923 2167 1136 2233 μῃτίεται
1160 2165 1515 2222 Ψυττεκόαοὴμ
1518 2169 1796 2213 ετελίσσεται
1823 2169 1866 2214 G

175 2225 224 2269 in
254 2224 485 2294 margine·
525 2224 716 2269 liberius
747 2224 901 2269 locum
934 2224 1000 2267 sic
1030 2224 1256 2268 refectum
1294 2223 1395 2269 volt
1427 2223 1593 2270 Schm..
1635 2243 1666 2270 α
1699 2224 1761 2283 μὴ
1794 2227 1866 2273 τέ-

178 2287 256 2335 λος
289 2282 386 2340 ἔχει
418 2279 560 2334 ὁδούς
590 2299 722 2334 τινας
753 2279 1012 2354 ὡρισμένας
1045 2280 1286 2352 ἐξελίττρν.

295 2342 417 2387 VIII.
461 2347 529 2386 11.
562 2337 820 2398 ἀρχέγονον
851 2337 1053 2398 (ἀρχαίγ.
1088 2341 1160 2395 Χ;
1201 2336 1460 2411 ἀρχεγόνον
1492 2337 1566 2413 α’)
1586 2357 1628 2387 α
1656 2339 1868 2400 ἀρχηγόν

178 2402 238 2446 bc
268 2426 326 2433 —-
357 2401 545 2458 μυθολ]
579 2402 805 2471 θεολογιά
839 2401 901 2443 Μ
929 2426 984 2432 —
1020 2404 1088 2443 12.
1120 2397 1265 2443 τόπον
1299 2396 1486 2457 [τούτου
1519 2396 1566 2443 δ’
1599 2426 1657 2434 -
1692 2407 1759 2446 13.
1793 2419 1868 2458 τη-

177 2456 295 2517 aim]
322 2461 380 2504 bc
412 2485 467 2491 —
495 2463 562 2503 13.
588 2456 812 2530 νεόμενος
841 2451 976 2514 λόγος
1008 2459 1071 2503 ab
1103 2453 1358 2529 νοούμενος
1381 2462 1418 2502 λ.
1443 2472 1467 2502 ο
1497 2455 1754 2530 νοούμενος
1785 2459 1868 2505 κύ-

178 2521 283 2569 κλος
310 2518 517 2563 Parisin.
551 2522 666 2562 3078
691 2514 954 2573 ἀνυόμενος
978 2534 1018 2562 κ.
1043 2517 1147 2561 Vile.
1180 2513 1340 2564 ἀνύων
1371 2514 1540 2568 κύκλος
1572 2518 1663 2574 (vel
1694 2515 1868 2585 κύκλῳ)

181 2576 341 2622 Os.—
379 2581 445 2620 14.
485 2576 567 2620 καὶ
606 2573 778 2632 ἐφεξῆς
810 2574 834 2621 ὁ
875 2576 968 2619 τῶν
1007 2575 1275 2645 μεταβολῶν
1315 2572 1451 2632 λόγος
1486 2576 1673 2632 (omisso
1691 2577 1866 2647 priore

203 2634 461 2706 oy.)1S'chm.
489 2660 544 2666 —
580 2639 647 2678 14.
682 2631 1002 2737 μεταῗάλλων]
1037 2636 1184 2691 μεταβ
1157 2631 1311 2691 βαλὼν
1336 2647 1360 2678 c
1391 2660 1446 2666 —
1483 2639 1549 2678 14.
1580 2639 1646 2680 15.
1679 2630 1708 2691 ἡ
1743 2634 1862 2694 [ἐπὶ]

175 2651 568 2766 τ.π.08.ἡ([ἡ]
606 2690 798 2750 Χσ)ἐπ
826 2689 978 2763 (ὑπὸ
998 2689 1447 2750 W)t..‘r‘1naNc
1491 2689 1864 2738 ἐκτ.π.6τ’-

179 2757 248 2797 17.
281 2749 479 2822 ἄμικτον
507 2750 661 2808 ἐπεκρ.
689 2754 747 2798 bc
779 2749 925 2809 μόνον
949 2747 1029 2808 ἀμ.
1056 2767 1090 2797 ε.
1122 2750 1369 2807 XLMV2
1396 2709 1595 2807 ἄμικτον
1619 2749 1766 2808 μόνον
1791 2749 1867 2797 ἐπ.

179 2811 226 2854 Ρ
254 2808 400 2868 μόνον
430 2808 679 2866 ἐπεκράτει
711 2827 908 2867 αμικτον
950 2810 1004 2867 V1
