1998 3088
201 149 269 202 76
677 150 1052 194 KOPNOTTOT
1081 150 1413 194 EIIIAPOMH.

199 269 472 327 δεδόσθαι
501 270 626 341 περὶ
656 272 810 325 θεῶν
840 267 1164 324 δοκούντων
1189 267 1491 338 ἀναγαγεῖν
1517 266 1605 322 ἐπὶ
1627 264 1695 322 τὰ
1717 286 1889 339 παρα-

199 358 525 429 δεδειγμένα
563 368 829 428 στοιχεῖα,
870 349 912 412 ὦ
945 366 1067 426 παῖ,
1107 355 1334 426 δύναιο,
1373 357 1623 421 πεισθεὶς
1660 354 1747 412 ὅτι
1785 355 1889 428 οὐχ

200 449 258 503 οἰ
284 445 543 517 τυχόντες
575 446 830 515 ἐγένοντο
865 447 921 500 οἱ
941 447 1186 514 παλαιοί,
1218 441 1356 498 ἀλλὰ
1378 444 1471 499 καὶ
1500 445 1754 501 συνιέναι
1783 445 1888 516 τὴν

199 537 300 590 τοῦ
337 533 550 604 κόσμου
589 532 766 604 φύσιν
806 533 989 588 ἱκανοὶ
1027 532 1119 587 καὶ
1157 531 1295 604 πρὸς
1339 530 1402 587 τὸ
1451 531 1545 591 διὰ
1588 533 1888 604 συμβόλων
1966 569 1976 586 .

154 622 291 678 5καὶ
337 619 680 693 αἰνιγμάτων
729 623 1111 692 φιλοσοφῆσαι
1155 621 1279 693 περὶ
1330 618 1500 691 αὐτῆς
1549 618 1893 694 εὐεπίφοροι.

199 709 293 765 διὰ
337 708 615 765 πλειόνων
671 708 733 764 δὲ
785 709 877 764 καὶ
932 708 1458 782 ἐξεργαστικώτερον
1513 716 1726 781 εἴρηται
1770 721 1890 776 τοῖς

197 799 592 871 πρεσβυτέροις
618 797 971 869 φιλοσόφοις,
997 799 1135 868 ἐμοῦ
1158 800 1265 854 νῦν
1290 799 1725 870 ἐπιτετμημένως
1749 785 1886 854 αὐτὰ

197 888 558 956 παραδοῦναί
592 901 682 939 σοι
719 885 1120 955 βουληθέντος·
1159 889 1398 957 χρησίμη
1431 883 1539 956 γὰρ
1573 883 1759 941 αὐτῶν
1797 885 1889 940 καὶ

197 971 232 1044 ἡ
273 974 360 1028 ἐπὶ
397 975 667 1028 τοσοῦτον
698 971 1059 1046 προχειρότης
1092 974 1219 1028 ἐστί.
1281 974 1407 1045 περὶ
1444 973 1507 1028 δὲ
1539 975 1769 1029 ἐκείνων
1798 973 1892 1028 καὶ

133 1078 176 1112 10
198 1062 322 1133 περὶ
353 1064 450 1132 τῆς
478 1065 780 1134 θεραπείας
809 1064 923 1117 τῶν
953 1063 1109 1117 θεῶν
1131 1062 1224 1116 καὶ
1247 1064 1359 1117 τῶν
1386 1065 1600 1127 οἰκείως
1623 1065 1701 1127 εἰς
1723 1061 1889 1133 τιμὴν

199 1148 386 1204 αὐτῶν
424 1150 738 1221 γινομένων
776 1150 869 1205 καὶ
905 1148 972 1205 τὰ
1012 1148 1216 1222 πάτρια
1252 1150 1346 1205 καὶ
1383 1148 1484 1205 τὸν
1519 1152 1708 1221 ἐντελῆ
1741 1150 1891 1224 λήψῃ

197 1239 368 1309 λόγον
420 1236 565 1293 οὕτω
614 1237 791 1308 μόνον
847 1235 921 1303 ὡς
967 1241 1044 1303 εἰς
1089 1236 1151 1293 τὸ
1205 1235 1457 1308 εὐσεβεῖν
1505 1236 1646 1293 ἀλλὰ
1693 1237 1766 1310 μὴ
1815 1242 1895 1305 εἰς

198 1325 259 1381 τὸ
302 1328 737 1396 δεισιδαιμονεῖν
775 1327 1152 1397 εἰσαγομένων
1189 1328 1301 1381 τῶν
1332 1325 1478 1382 νέων
1509 1327 1602 1382 καὶ
1632 1326 1802 1382 θύειν
1833 1347 1892 1382 τε

198 1413 292 1468 καὶ
331 1412 595 1485 εὔχεσθαι
633 1414 726 1468 καὶ
757 1423 1093 1484 προσκυνεῖν
1124 1415 1216 1469 καὶ
1249 1414 1483 1486 ὀμνύειν
1513 1414 1650 1470 κατὰ
1682 1414 1893 1488 τρόπον

134 1518 177 1552 15
198 1502 290 1556 καὶ
323 1503 384 1556 ἐν
427 1512 542 1566 τοῖς
573 1500 910 1572 ἐμβάλλουσι
941 1512 1156 1576 καιροῖς
1191 1500 1323 1557 καθ’
1359 1499 1433 1574 ἣν
1464 1500 1723 1577 ἁρμόττει
1756 1520 1895 1576 συμ-

201 1593 428 1662 μετρίαν
468 1591 906 1660 διδασκομένων.

321 1755 358 1793 1.
391 1756 432 1794 2.
465 1750 878 1808 παραδεδειγμένα
909 1749 1017 1809 a'V2
1057 1751 1450 1808 παραδεδεγμένοι
1483 1753 1562 1798 ΖΝ
1565 1766 1587 1798 c
1624 1755 1891 1811 παραδεδο-

200 1808 320 1865 μένα
350 1809 417 1867 Ν2
432 1806 471 1854 b'
496 1835 555 1842 -
585 1815 626 1855 2.
662 1810 907 1868 [στοιχεῖα]
940 1811 1009 1868 N2
1045 1836 1100 1843 —
1135 1816 1175 1855 3.
1208 1816 1248 1855 4.
1284 1808 1388 1869 [τὴν
1419 1812 1502 1855 τοῦ
1535 1809 1715 1870 κόσμου
1747 1809 1892 1870 φύσιν

200 1865 375 1925 ἴκανοί]
401 1868 466 1926 N1
498 1895 553 1900 —
585 1874 627 1914 4.
662 1866 797 1927 [πρὸς
827 1865 880 1912 τὸ
913 1866 993 1913 διὰ
1048 1871 1114 1928 Ν1
1145 1895 1200 1902 -
1234 1875 1273 1916 6.
1309 1870 1427 1927 [καὶ]
1463 1867 1611 1928 ἐξεργ.
1644 1872 1661 1916 Ζ
1691 1887 1732 1915 κ.
1768 1868 1891 1926 ἐξερ-

201 1923 517 1983 γαστικώτερα
540 1928 606 1985 N1
636 1944 717 1971 -αν
741 1929 807 1986 Ν2
839 1954 892 1960 -
919 1933 959 1973 7.
1011 1928 1360 1986 πιτετμημένως
1384 1930 1426 1975 G
1452 1926 1767 1988 ε’πιτετμηκώς
1790 1931 1892 1987 (-ὦς

202 1985 263 2039 L)
294 1985 350 2029 N
353 1985 429 2030 Le
469 1982 746 2044 ἔπιτομικῶς
777 1984 876 2031 a'V
910 1983 1213 2045 ἔπιτετμικῶς
1241 1988 1288 2031 Β
1327 2015 1383 2020 -
1425 1994 1491 2034 10.
1533 1987 1721 2034 οἰκείων
1760 1986 1800 2034 b'
1833 2014 1891 2021 ——

204 2049 273 2089 12.
307 2039 454 2095 οὕτως
485 2042 631 2101 μόνον
656 2061 686 2090 α
709 2072 765 2078 —-
801 2051 869 2090 13.
903 2047 1257 2104 δυσιδαιμονεῐν
1279 2047 1336 2092 N
1338 2061 1361 2093 c
1385 2073 1441 2080 ——
1471 2044 1615 2092 θύειν
1649 2048 1741 2106 [τε]
1769 2044 1809 2093 b'
1833 2073 1890 2081 —

206 2107 275 2146 14.
308 2099 428 2146 κατὰ
460 2099 654 2160 τρόπον]
687 2104 768 2148 καὶ
806 2099 862 2148 ὃν
896 2101 1070 2161 τρόπον
1101 2105 1246 2150 Schm.
1281 2130 1338 2140 -
1379 2110 1448 2151 15.
1490 2103 1542 2150 ἔν
1572 2107 1689 2164 τοῖς]
1731 2103 1783 2151 ἐν
1823 2104 1893 2158 οἷς

204 2160 350 2205 Schm.
378 2186 434 2192 —
459 2158 579 2206 καθ’
605 2157 684 2220 ἣν]
710 2163 790 2206 καὶ
815 2180 854 2207 κ.
886 2157 946 2220 ἣν
970 2164 1115 2209 Schm.
1141 2160 1260 2208 καθ’
1281 2159 1364 2216 οὓς
1387 2179 1411 2210 c
1435 2191 1490 2197 —
1515 2161 1736 2223 ἁρμόττει
1760 2179 1799 2209 σ.
1825 2165 1889 2224 δ.]

204 2221 747 2306 ἆρμόττει2συμμετρίαν
786 2252 832 2306 (α
864 2255 889 2294 2
930 2265 986 2296 ex
1026 2269 1082 2303 ας
1121 2254 1253 2308 corr.)
1293 2254 1384 2299 διδ.
1423 2254 1504 2310 (in.
1537 2254 1568 2299 l.
1610 2268 1671 2298 er.
1711 2268 1741 2298 a
1765 2254 1809 2309 2)
1841 2253 1897 2298 N

205 2303 557 2364 ἄμορδιῶτατον
591 2304 715 2352 ἐστίν
747 2322 770 2353 e
