1998 3088
851 131 1181 173 EmAPOMH„
1783 134 1855 186 45

168 252 315 316 σίας,
356 244 493 318 ἅπερ
524 243 813 317 ἀμφότερα
846 249 1052 317 δαψιλῆ
1085 246 1221 303 κατὰ
1246 247 1350 318 τὴν
1373 248 1660 304 θάλαττάν
1694 252 1855 306 ἐστιν.

167 333 536 406 ἐστοχάσαντο
559 334 622 390 δὲ
638 338 739 390 τοῦ
758 331 932 390 αὐτοῦ
956 335 1046 389 καὶ
1067 338 1125 390 οῖ
1139 336 1367 407 Διώνης
1383 334 1557 407 αὐτὴν
1575 340 1856 407 θυγατέρα

169 423 417 488 εἰπόντες
455 421 620 479 εἶναι·
663 423 853 495 διερὸν
893 422 1001 493 γὰρ
1041 422 1102 479 τὸ
1136 421 1314 496 ὑγρόν
1346 427 1510 480 ἐστιν.
1561 424 1855 496 Ἀφροδίτη

167 514 235 568 δέ
271 513 421 567 ἐστιν
460 508 494 582 ἡ
535 510 859 582 συνάγουσα
896 509 959 566 τὸ
991 509 1163 583 ἄρρεν
1193 513 1284 567 καὶ
1324 511 1385 567 τὸ
1418 515 1570 583 θῆλυ
1603 513 1857 584 δύναμις,

166 601 302 670 τάχα
358 598 451 654 διὰ
502 597 563 654 τὸ
612 596 845 670 ἀφρώδη
896 597 963 653 τὰ
1014 601 1294 671 σπέρματα
1348 604 1461 656 τῶν
1516 602 1667 675 ζῴων
1715 599 1901 656 εἷναι5

166 687 375 758 ταύτην
415 689 677 758 ἐσχηκυῖα
707 685 809 758 τὴν
842 685 1151 758 ὀνομασίαν
1187 686 1246 759 ἤ,
1287 686 1359 754 ὡς
1386 687 1695 759 Εὐριπίδης
1725 687 1858 743 ὑπο-

169 787 314 846 νοεῖ,
362 773 454 830 διὰ
501 774 562 831 τὸ
610 773 753 840 τοὺς·
786 773 1137 846 ἡττωμένους
1182 773 1353 847 αὐτῆς
1398 775 1652 848 ἄφρονας
1702 774 1861 832 εἶναι.

166 867 428 935 καλλίστη
469 863 531 919 δὲ
568 865 865 935 παράγεται
899 864 992 919 διὰ
1023 863 1085 920 τὸ
1118 863 1354 935 μάλιστα
1388 862 1714 936 άρηρεκέναι
1747 876 1861 929 τοῖς

167 951 496 1021 ἀνθρώποις
539 950 641 1023 τὴν
686 950 823 1007 κατὰ
871 950 1194 1023 συμπλοκὴν
1244 950 1459 1023 ἡδονὴν
1511 950 1586 1018 ὡς
1634 952 1860 1007 πάντων

167 1044 281 1097 τῶν
306 1039 493 1095 ἄλλων
527 1042 925 1111 διαφέρουσαν.
973 1042 1184 1110 λέγεται
1211 1039 1272 1095 δὲ
1296 1041 1387 1095 καὶ
1413 1039 1739 1112 φιλομειδὴς
1762 1039 1854 1096 διὰ
1884 1060 1923 1091 10

168 1132 356 1184 τοῦτο·
400 1132 576 1184 οἰκεῖα
620 1127 725 1199 γὰρ
765 1127 831 1183 τὰ
869 1128 1198 1200 μειδιάματα
1241 1129 1331 1183 καὶ
1370 1125 1404 1199 ἡ
1447 1128 1704 1199 ἱλαρότης
1748 1132 1860 1184 τῶν

168 1216 441 1273 τοιούτων
475 1216 738 1272 συνόδων
772 1219 899 1272 ἐστί.
967 1218 1281 1288 παρέδρους
1313 1216 1374 1273 δὲ
1405 1216 1495 1272 καὶ
1527 1215 1862 1287 συμβώμους

168 1304 267 1371 τὰς
291 1304 533 1378 Χάριτας
569 1309 677 1378 ἔχει
709 1305 799 1361 καὶ
840 1304 942 1376 τὴν
967 1304 1164 1360 Πειθώ
1208 1305 1299 1359 καὶ
1330 1303 1430 1360 τὸν
1449 1303 1655 1377 Ἑρμῆν
1682 1302 1773 1358 διὰ
1798 1303 1859 1359 τὸ

168 1402 364 1449 πειθοῖ
397 1392 783 1465 προσάγεσθαι
823 1393 914 1448 καὶ
953 1392 1101 1466 λόγῳ
1140 1393 1230 1448 καὶ
1270 1392 1455 1464 χάρισι
1494 1391 1623 1457 τοὺς
1663 1393 1862 1464 ἐρωμέ-

169 1504 306 1548 νους
344 1478 378 1553 ἢ
420 1480 514 1536 διὰ
553 1480 614 1537 τὸ
654 1480 778 1551 περὶ
809 1479 906 1546 τὰς
938 1485 1242 1545 συνουσίας
1279 1478 1516 1551 ἀγωγόν.
1577 1481 1861 1551 Κυθέρεια
1888 1499 1928 1531 15

171 1569 223 1626 δ’
268 1578 479 1642 εἴρηται
520 1569 614 1624 διὰ
652 1567 750 1633 τὰς
792 1570 849 1624 ἐκ
891 1571 1004 1623 τῶν
1052 1570 1253 1639 μίξεων
1300 1570 1596 1639 γινομένας
1640 1567 1861 1638 κυήσεις

171 1656 206 1730 ἢ
255 1657 348 1714 διὰ
395 1657 456 1714 τὸ
503 1659 812 1713 κεύθεσθαι
863 1654 929 1711 τὰ
980 1654 1157 1711 πολλὰ
1206 1654 1299 1721 τὰς
1350 1659 1460 1711 τῶν
1511 1653 1860 1726 ἀφροδισίων

173 1749 487 1818 ἐπιθυμίας.
550 1748 608 1802 ἐκ
646 1747 851 1802 τούτου
891 1742 943 1799 δ’
979 1743 1085 1815 ἤδη
1126 1745 1216 1799 καὶ
1252 1742 1371 1815 ι”ερὰ
1403 1747 1501 1814 τῆς
1536 1741 1862 1814 Ἀφροδίτης

173 1833 207 1906 ἡ
254 1837 366 1890 τῶν
415 1833 706 1905 Κυθήρων
754 1837 927 1904 νῆσος
973 1831 1115 1888 εἷναι
1164 1835 1339 1901 δοκεῖ,
1389 1831 1525 1902 τάχα
1576 1831 1636 1886 δὲ
1686 1832 1776 1886 καὶ
1826 1829 1860 1901 ἡ

175 1922 432 1992 Κύπρος,
472 1921 796 1996 συνᾴδουσά
836 1940 951 1986 πως
988 1924 1053 1993 τῇ
1094 1920 1290 1992 κρύψει
1331 1919 1468 1975 κατὰ
1498 1918 1759 1992 τοῦνομα.
1826 1918 1929 1991 ἡΞθ

175 2010 236 2066 δὲ
267 2010 468 2081 Πάφος
507 2013 657 2065 ἴδιον
697 2008 865 2080 αὐτῆς
905 2008 1227 2079 οἰκητήριόν
1267 2010 1404 2078 ἐστι,
1444 2014 1670 2079 Παφίας
1708 2015 1860 2078 λεγο-

176 2101 369 2170 μένης,
400 2097 539 2169 τάχα
570 2093 689 2152 κατ’
721 2102 966 2163 ἔλλειψιν
997 2094 1104 2152 άπὸ
1134 2101 1233 2152 τοῦ
1266 2094 1616 2167 άπαφίσκειν,
1649 2094 1680 2151 ὅ
1712 2098 1860 2151 ε’στιν

174 2187 412 2242 ἀπατᾶν·
459 2190 566 2257 ἔχει
614 2185 720 2258 γὰρ
759 2184 897 2241 κατὰ
944 2186 1046 2257 μὲν
1088 2184 1187 2240 τὸν
1224 2182 1488 2240 (Ησίοδον
1530 2184 1861 2256 ςμειδήματά

173 2274 220 2330 τ’
266 2274 532 2342 ἐξαπατάς
569 2275 666 2343 τε’,
705 2273 839 2329 κατὰ
883 2274 943 2329 δὲ
982 2272 1083 2329 τὸν
1107 2271 1353 2345 Ὅμηρον

174 2462 291 2522 πρὸς
322 2461 408 2522 τὴν
438 2465 522 2509 τοῦ
555 2462 710 2509 πάντα
735 2482 774 2521 γ.
805 2465 906 2509 NL
936 2461 1053 2520 πρὸς
1084 2462 1169 2520 τὴν
1200 2464 1283 2508 τοῦ
1316 2461 1468 2507 πάντα
1494 2481 1534 2520 γ
1568 2462 1724 2507 αἰτίαν
1755 2476 1777 2508 c·
1806 2487 1860 2529 -ss

179 2589 217 2627 1.
249 2579 495 2627 θάλασσαν
520 2597 543 2628 c
574 2609 629 2615 —
664 2588 703 2628 7.
736 2579 1030 2653 ἡττωμένους
1057 2583 1182 2637 (M‘?)
1207 2578 1250 2626 α’
1283 2577 1566 2652 ἡττομένους
1590 2583 1632 2625 L
1668 2541 1860 2638 ἡττῖμὲ·

176 2658 288 2692 νους
321 2642 361 2685 V
370 2639 677 2715 ἡττημένους
708 2643 768 2686 bc
793 2668 847 2673 -
881 2645 922 2685 8.
954 2637 1238 2696 άρηρεκέναι
1269 2641 1344 2698 M2
1368 2640 1424 2698 ἶ,
1466 2636 1753 2697 άρηρηκέναι
1791 2639 1856 2711 Νἓ

176 2696 462 2757 άρηροκέναι
492 2701 596 2758 aN
633 2697 930 2770 άραρηκέναι
955 2697 992 2744 b'
1027 2698 1337 2768 οἷνηροκέναι
1344 2713 1367 2744 c
1399 2724 1453 2730 —
1489 2704 1556 2743 10.
1589 2698 1775 2767 λέγεται
1808 2699 1859 2741 δε

178 2758 296 2817 [καὶ]
328 2759 436 2817 LV
452 2760 510 2804 bc
539 2785 593 2791 —
630 2765 698 2803 13.
733 2759 858 2815 ἔχειν
889 2756 930 2803 α’
948 2758 1004 2828 V2
1032 2784 1087 2790 --
1120 2763 1191 2802 20.
1224 2774 1343 2801 κατα
1357 2754 1585 2829 τοῦνομα
1609 2758 1669 2826 τῇ
1689 2754 1861 2810 κρύψει

177 2817 289 2863 Lbc
321 2844 372 2849 —
407 2792 478 2862 2¹3.
513 2816 698 2874 ἔχειζ
640 2851 699 2856 -
730 2816 819 2875 γάρ
851 2814 970 2861 κατὰ
1004 2834 1091 2874 μεν
1123 2816 1166 2860 V
1192 2815 1285 2872 ἔχει
1319 2833 1404 2872 μεν
1436 2813 1524 2872 γὰρ
1558 2833 1675 2860 κατα
1710 2817 1734 2860 b
1804 2850 1807 2851 γ
