1998 3088
9 1423 23 1450 ”’
6 1311 25 1391 ⁷³⁵¹*
6 1061 35 1301 ‘Ut-252⁴*
3 906 32 1035 mam-a-
13 831 44 871 '⁷⁰⁴1

819 137 1148 180 EmAPOMH.
1752 141 1818 193 61

139 244 209 309 οὗ
248 251 339 306 καὶ
381 247 410 307 ὁ
452 248 582 316 ὄνος
621 252 842 316 ε’ν-ταῖς
885 263 1126 323 πομπαῖς
1165 252 1339 309 αὐτοῦ
1383 260 1601 327 θαμίζει
1641 258 1731 311 καὶ
1773 260 1829 312 οἱ

139 341 343 412 φαλλοὶ
383 336 532 414 αὐτῷ
577 336 937 395 ἀνατίθενται
975 341 1066 395 καὶ
1105 340 1168 396 τὰ
1210 342 1569 413 φαλλαγώγια
1616 343 1825 414 ἄγεται”

140 426 424 499 κινητικὸν
455 426 561 499 γὰρ
593 426 731 498 πρὸς
763 433 1072 484 συνουσίαν
1098 426 1126 484 ὁ
1156 428 1332 500 οἶνος,
1365 430 1457 486 διὰ
1482 429 1632 487 τοῦτ’
1662 434 1829 488 ἐνίων

141 519 301 589 κοινῇ
341 515 607 573 θυόντων
640 516 907 591 Διονύσῳ
937 518 1028 572 καὶ
1064 514 1375 592 Ἀφροδίτῃ.
1439 517 1467 574 ὁ
1511 520 1572 575 δὲ
1610 521 1829 592 νάρθηξ

144 603 238 659 διὰ
276 607 373 675 τῆς
412 604 765 675 σκολιότητος
802 608 914 660 τῶν
945 604 1140 661 κώλων
1182 608 1437 677 ἐμφαίνει
1476 606 1537 663 τὸ
1574 612 1705 681 τῇδε
1737 607 1829 664 κά-
1854 623 1873 655 5

141 703 289 748 κεῖσε
327 692 770 769 περιφερόμενον
808 697 921 749 τῶν
955 693 1285 764 μεθυόντων
1329 693 1463 765 [ἅμα
1496 695 1557 751 δὲ
1587 698 1678 751 καὶ
1711 699 1831 752 ἐλα-

143 779 325 852 φροὺς
361 781 453 835 καὶ
485 779 892 850 εὐβαστάκτους
923 779 1129 846 αὐτοὺς
1161 779 1350 858 εἶναι]·
1389 784 1536 848 τινες
1568 786 1631 839 δέ
1660 802 1832 855 φασιν

142 866 229 924 ὅτι
268 869 360 923 καὶ
398 867 460 924 τὸ
502 867 796 941 ἄναρθρον
838 868 984 939 [μὲν]
1025 873 1121 940 τῆς
1152 874 1343 935 λαλιᾶς
1379 868 1563 927 αὐτῶν
1605 870 1832 940 [ὡσανεὶ

145 955 333 1028 ἄρθρα
371 959 523 1027 ἕχον]
563 960 908 1029 παρίστησιν.
973 955 1281 1028 ὀρείφοιτοι
1322 956 1372 1012 δ’
1410 960 1515 1013 εἰσὶ
1554 960 1644 1014 καὶ
1685 963 1834 1030 φιλέ-

146 1067 312 1118 ρημοι
352 1048 414 1100 αἱ
448 1043 658 1116 Βάκχαι
699 1044 792 1100 διὰ
832 1044 894 1100 τὸ
935 1044 1008 1116 μὴ
1050 1049 1107 1100 ἐν
1145 1055 1264 1111 ταῖς
1301 1046 1555 1117 πόλεσιν,
1595 1046 1715 1103 ἀλλ’
1749 1050 1833 1103 ἐπὶ
1859 1065 1901 1096 10

143 1138 256 1190 τῶν
297 1137 516 1204 χωρίων
562 1136 874 1213 γεννᾶσθαι
912 1132 1013 1188 τὸν
1062 1131 1236 1189 οἶνον.
1316 1134 1666 1206 διθύραμβος
1709 1134 1760 1191 δ’
1804 1135 1832 1192 ὁ

147 1220 432 1286 Διόνυσος
471 1220 679 1291 ἐκλήθη
720 1219 955 1293 πότερον
1001 1218 1074 1286 ὥς
1111 1220 1172 1276 τὸ
1217 1225 1459 1289 δίθυρον
1498 1226 1598 1277 τοῦ
1639 1223 1835 1294 στόμα-

145 1332 239 1375 τος
278 1307 611 1380 ἀναφαίνων
651 1309 742 1364 καὶ
776 1311 1188 1381 ἐκφερομυθεῖν
1228 1309 1294 1365 τὰ
1335 1307 1619 1382 ἀπόρρητα
1659 1315 1835 1366 ποιῶν

144 1394 179 1468 ἢ
221 1396 295 1463 ὡς
335 1395 409 1452 δι’
447 1395 619 1453 αὐτὸν
658 1397 749 1451 καὶ
791 1398 879 1452 ἐπὶ
919 1396 1017 1462 τὰς
1046 1396 1231 1469 θύρας
1269 1396 1693 1469 ἀναβαινόντων
1725 1402 1835 1453 τῶν

145 1488 294 1543 νέων
333 1482 366 1556 ἢ
409 1485 788 1557 ἐμβαινόντων
829 1489 906 1550 εἰς
945 1482 1139 1554 αὐτάς,
1188 1484 1219 1540 ὅ
1259 1486 1408 1541 ἐστιν
1457 1486 1837 1557 ἐμπιπτόντων
1862 1503 1902 1535 15

146 1576 238 1630 καὶ
279 1573 730 1630 διασαλευόντων
769 1571 834 1628 τὰ
873 1579 1120 1645 κλεῖθρα.
1182 1572 1569 1644 καθαιρετικός
1608 1573 1670 1629 δὲ
1700 1593 1835 1628 παν-

147 1663 240 1728 τὸς
286 1661 621 1718 οὑτινοσοῦν
671 1660 935 1733 ὑπάρχων
984 1662 1136 1726 ἔδοξε
1181 1661 1272 1715 καὶ
1318 1660 1648 1732 πολεμιστὴς
1693 1660 1836 1716 εἶναι

147 1752 240 1807 καὶ
279 1754 496 1820 πρῶτος
532 1751 979 1820 καταδεδειχέναι
1018 1747 1118 1804 τὸν
1158 1749 1218 1802 ἐν
1257 1759 1375 1812 ταῖς
1406 1754 1723 1818 πολεμικαῖς
1760 1753 1837 1803 νί-

146 1853 270 1896 καις
322 1830 602 1901 ἀγόμενον
655 1834 955 1900 θρίαμβον.
1048 1827 1077 1884 ὁ
1134 1828 1196 1883 δὲ
1248 1833 1525 1899 θρίαμβος
1579 1827 1684 1882 ἀπὸ
1738 1832 1837 1883 τοῦ

148 1920 347 1982 θροεῖν
386 1912 478 1966 καὶ
519 1914 788 1987 ἰαμβίζειν
827 1914 932 1981 τῆν
970 1914 1169 1981 κλῆσιν
1208 1915 1426 1980 ἔλαχεν,
1467 1907 1606 1964 ὅθεν
1645 1909 1735 1963 καὶ
1776 1910 1836 1963 ἐν
1862 1927 1904 1959 20

148 2004 266 2058 τοῖς
304 1991 440 2047 κατὰ
480 1995 591 2047 τῶν
630 1996 910 2062 πολεμίων
949 1995 1251 2062 θρίαμβοις
1289 1994 1340 2045 οἱ
1379 1994 1570 2045 πολλοὶ
1610 1987 1838 2046 ἀναπαί-

151 2090 301 2136 στοις
334 2071 674 2137 σκώπτοντες
698 2076 954 2144 χρῶνται.
1009 2072 1099 2126 καὶ
1131 2070 1234 2141 τὴν
1259 2076 1446 2126 κίτταν
1474 2070 1534 2126 δὲ
1563 2069 1636 2136 ὡς
1667 2071 1838 2126 λάλον

268 2180 309 2222 2.
351 2172 655 2231 φαλλαγώγια
687 2175 817 2233 M2B
858 2172 1133 2231 φαλαγώγια
1167 2175 1209 2218 G
1248 2169 1552 2229 σφαλαγώγια
1576 2187 1599 2217 c
1638 2176 1839 2228 φαλλασ-

151 2229 299 2290 γωγια
331 2233 405 2278 lP
442 2231 774 2291 φαλλαγγώγια
805 2235 860 2278 Ν
867 2234 922 2291 V2
965 2230 1269 2289 φαλλαγώὸια
1303 2231 1373 2289 Μ1
1411 2257 1466 2263 -
1506 2237 1545 2275 3.
1586 2231 1666 2275 διὰ
1703 2232 1839 2276 τοῦτο

152 2289 219 2337 b'c
244 2317 298 2324 —-
331 2297 371 2337 3.
397 2297 438 2337 4.
474 2291 591 2336 ἔνιοι
623 2309 664 2336 κ.
696 2289 873 2337 θύουσι
899 2292 1094 2350 N2BG2
1126 2290 1264 2336 ἐνίων
1297 2308 1339 2334 κ.
1366 2288 1645 2347 μεθυόντων
1671 2304 1693 2334 c
1718 2316 1772 2322 —
1799 2295 1837 2335 6.

151 2347 546 2407 παραφερόμενον
585 2348 626 2395 α’
642 2351 697 2409 V2
741 2378 794 2384 —-
841 2357 880 2396 7.
925 2348 1244 2407 εὖβαστάκτας
1283 2351 1338 2394 Ν
1374 2345 1690 2408 ἐκβαστάκτας
1727 2349 1743 2391 Ζ
1783 2373 1836 2380 -

153 2405 367 2467 [αὐτοὺς]
404 2409 476 2456 OS.
509 2411 575 2454 ed.
610 2435 665 2442 —
698 2415 738 2455 8.
777 2407 1043 2468 ἄναρθρον]
1088 2408 1324 2466 ἔναρθρον
1356 2408 1500 2453 Schm.
1537 2433 1590 2438 ——
1626 2412 1665 2451 9.
1700 2422 1741 2450 α.
1776 2404 1837 2463 μὴ

154 2467 262 2524 ἔχον
293 2469 356 2526 Β2
399 2465 558 2525 ἄρθρα
598 2466 716 2525 ἔχων
749 2483 772 2513 c
804 2470 947 2514 Schm.
990 2493 1044 2501 —-
1082 2474 1149 2512 11.
1183 2465 1344 2524 χώρων
1384 2468 1409 2511 b
1451 2491 1504 2499 —-
1546 2463 1873 2524 διθύραμβος

155 2522 246 2585 [δ’]
281 2540 305 2572 c
337 2552 391 2558 —-
427 2532 494 2571 12.
534 2525 762 2585 πρότερον
795 2525 836 2572 α’
872 2555 923 2560 -
970 2533 1036 2572 13.
1077 2523 1359 2582 ἀναφαίνων
1390 2526 1452 2583 B2
1496 2520 1769 2583 ἀναβαίνων
1803 2523 1839 2567 O

154 2610 209 2617 -—
239 2590 307 2631 14.
331 2581 398 2629 δι’
424 2582 572 2630 αὐτὸν
596 2585 677 2630 καὶ
704 2583 779 2631 ἐπὶ
803 2583 886 2637 τὰς
909 2587 981 2645 θ.]
1010 2582 1087 2630 ἐπ’
1114 2581 1261 2629 αὐτὸν
1294 2586 1373 2629 καὶ
1403 2581 1483 2627 διὰ
1514 2583 1592 2640 [τ]
1619 2586 1668 2628 θ.
1695 2583 1837 2626 Schm.

155 2669 210 2675 —
246 2649 312 2689 16.
346 2642 724 2689 διασαλευόντων
760 2662 797 2690 τ.
830 2649 896 2690 κλ.
930 2645 1008 2688 καὶ
1050 2641 1374 2701 ἐμπιπτόντων
1406 2643 1549 2686 δἐἶιυι.
1585 2666 1639 2673 -
1682 2644 1746 2683 18.
1790 2637 1840 2683 ἐν

155 2707 258 2752 ταῖς
288 2706 561 2759 πολεμικαῖς
591 2705 745 2754 νίκαις
776 2704 888 2762 PV2
927 2701 979 2748 ἐν
1011 2709 1113 2753 ταῖς
1135 2706 1408 2759 πολεμικαῖς
1440 2703 1570 2756 (corr.
1597 2700 1645 2743 in
1671 2697 1721 2742 ἐν
1746 2703 1841 2746 τοῖς

156 2764 424 2817 πολεμικοῖς
447 2762 508 2805 Μ
521 2762 574 2818 V)
602 2763 684 2820 [v.]
711 2763 772 2806 M
776 2765 791 2806 l
801 2764 859 2807 bc
885 2759 935 2806 ἐν
960 2779 996 2805 τ.
1023 2765 1294 2817 πολεμικαῖς
1317 2764 1524 2816 πομπαῖς
1550 2758 1663 2807 Gale
1689 2782 1741 2789 —
1767 2761 1834 2799 21.

157 2817 207 2862 οἷ
234 2820 394 2864 πολλοὶ
425 2822 483 2863 A.
508 2821 676 2865 Nauck
705 2824 891 2871 πολλοῖς
927 2820 964 2864 O
994 2847 1052 2853 —-
1084 2824 1152 2863 22.
1189 2818 1368 2875 κίτταν]
1401 2819 1560 2861 νίτταν
1585 2815 1690 2871 LV.
