1998 3088
837 137 1167 178 ΕΠΙΔΡΟΜΗ.
1774 137 1841 189 19

152 254 313 324 τέρας
349 250 444 317 τὰς
475 251 764 324 Χάριτας
805 255 862 307 οἱ
897 251 998 323 μὲν
1039 253 1093 319 ἐξ
1125 250 1462 324 Εὐρυδόμης
1501 251 1648 329 αὐτῷ
1689 275 1842 324 γεγο-

155 345 318 405 νυίας
354 342 428 414 τῷ
469 338 705 410 μάλιστα
746 342 799 407 ἐξ
840 339 1049 410 εὐρέων
1079 342 1172 396 καὶ
1205 341 1619 413 διαβεβηκότων
1653 341 1843 412 δόμων

153 427 250 494 τὰς
289 425 502 498 δωρεὰς
539 434 725 496 φιλεῖν
763 431 1047 499 δίδοσθαι,
1089 431 1146 484 οἱ
1182 428 1233 484 δ’
1263 431 1318 496 ἐξ
1351 428 1710 500 Εὐρυνόμης,
1749 430 1842 484 καὶ

148 515 355 573 τούτου
399 515 771 588 παριστάντος
817 515 901 572 ὅτι
952 517 1406 588 χαριστικώτεροί
1448 517 1564 583 πώς
1613 522 1755 573 εἰσιν
1807 515 1840 589 ἢ

150 603 481 676 ὀφείλουσιν
515 603 658 661 εἶναι
691 607 749 661 οἱ
777 604 1051 676 μεγάλους
1081 606 1320 677 κλήρους
1351 605 1666 677 νεμόμενοι,
1698 606 1842 671 τινες
1865 628 1886 660 5

155 691 206 749 δ’
236 694 290 760 ἐξ,
314 692 775 767 Εὐρυμεδούσης,
815 696 894 757 εἰς
920 692 1086 749 ταύτὸ
1116 699 1502 759 συντείνοντος
1525 696 1616 749 καὶ
1640 694 1843 750 τούτου

107 839 110 842 ,
147 785 248 838 τοῦ
289 783 518 852 ἐτύμου,
564 780 887 850 κυριεύουσι
925 782 1031 852 γὰρ
1069 785 1182 838 τῶν
1232 785 1393 838 ἰδίων
1436 785 1494 837 οἱ
1528 782 1842 854 ἄνθρωποι·

148 869 251 941 τὴν
276 867 328 924 δ’
352 868 532 942 Ἥραν
557 869 717 926 ἄλλοι
744 869 1004 926 διδόασιν
1030 868 1221 935 αὐταῖς
1259 872 1492 942 μητέρα,
1524 870 1599 926 ἵν’
1630 870 1844 942 εὐγενέ-

152 975 342 1015 σταται
373 962 486 1014 τῶν
511 962 663 1014 θεῶν
689 953 854 1029 ὦσιν,
886 957 960 1025 ὡς
984 959 1109 1031 περὶ
1134 962 1246 1014 τῶν
1271 958 1525 1032 πράξεών
1549 962 1669 1015 εἰσι.
1707 958 1845 1031 πρὸς

147 1045 322 1118 ἄλλην
363 1048 425 1103 δὲ
464 1052 705 1119 ἔμφασιν
745 1048 951 1119 γυμναὶ
989 1047 1444 1119 παρεισάγονται,
1485 1046 1559 1113 ὥς
1596 1048 1688 1102 καὶ
1727 1051 1840 1103 τῶν
1869 1069 1909 1100 10

150 1138 325 1207 μηδὲν
355 1141 533 1207 κτῆμα
566 1136 808 1207 ἐχόντων
840 1135 1146 1206 ὑπουργεῖν
1176 1158 1301 1191 τινα
1343 1134 1634 1207 ὠφελίμως
1669 1141 1842 1208 [χαρί-

155 1229 344 1290 ζεσθαι
376 1224 573 1294 πολλὰ]
611 1225 941 1295 δυναμένων
973 1223 1065 1278 καὶ
1098 1221 1167 1278 οὐ
1198 1223 1683 1295 περιουσιάζεσθαι
1707 1225 1842 1280 πάν-

148 1336 278 1383 τως,
310 1315 405 1369 ἵνα
436 1335 519 1378 τις
557 1311 902 1383 εὐεργετικὸς
931 1306 993 1385 ᾖ,
1034 1313 1276 1381 δέοντος,
1310 1311 1385 1377 ὡς
1416 1319 1624 1383 εἴρηται
1656 1315 1746 1368 καὶ
1779 1312 1842 1368 τὸ

541 1418 739 1481 ξενίων
779 1417 845 1470 δέ
879 1437 937 1470 τε
975 1413 1159 1486 θυμὸς
1198 1414 1446 1485 ἄριστος·

122 1519 293 1585 ’τινὲς
334 1518 395 1574 δὲ
436 1525 649 1574 οἴονται
698 1516 790 1572 διὰ
838 1520 934 1588 τῆς
973 1523 1305 1589 γυμνητείας
1344 1517 1531 1574 αὐτῶν
1578 1523 1837 1592 παρίστα-
1867 1538 1908 1571 15

149 1615 286 1679 σθαι
333 1605 394 1663 τὸ
442 1603 685 1671 εὐλύτως
730 1607 822 1661 καὶ
869 1603 1284 1676 ἀνεμποδίστως
1336 1609 1459 1661 δεῖν
1512 1611 1656 1678 ἔχειν
1705 1610 1843 1677 πρὸς

147 1695 208 1752 τὸ
259 1700 594 1766 χαρίζεσθαι.
681 1696 935 1765 λέγονται
984 1691 1036 1748 δ’
1087 1692 1187 1764 ὑφ’
1240 1687 1320 1750 ὧν
1370 1694 1470 1765 μὲν
1523 1694 1626 1749 δύο
1678 1692 1840 1764 εἶναι,

149 1782 247 1854 ὑφ’
292 1777 373 1839 ὧν
415 1783 476 1839 δὲ
515 1795 679 1855 τρεῖς·
728 1782 832 1838 δύο
881 1784 1007 1854 μέν,
1057 1780 1243 1853 ἐπειδὴ
1290 1781 1423 1850 τοὺς
1466 1782 1567 1853 μὲν
1605 1802 1839 1854 προκατ-

148 1871 339 1943 άρχειν
366 1874 456 1926 δεῖ
474 1871 713 1942 χάριτος,
744 1868 874 1936 τοὺς
904 1869 965 1926 δὲ
990 1867 1341 1941 ἀμείβεσθαι·
1373 1881 1518 1940 τρεῖς
1543 1869 1622 1938 δὲ,
1651 1868 1840 1940 ἐπειδὴ

145 1963 327 2024 καλῶς
366 1965 475 2030 ἔχει
513 1957 613 2014 τὸν
643 1958 931 2029 τετευχότα
964 1956 1199 2030 ἀμοιβῆς
1232 1958 1456 2013 ἑστάναι
1487 1957 1655 2012 πάλιν
1687 1980 1835 2029 χαρι-
1862 1977 1905 2008 20

146 2052 368 2118 στικοός,
407 2050 501 2103 ἵνα
537 2045 969 2111 άκαταπαύστως
1006 2050 1168 2102 τοῦτο
1203 2051 1449 2117 γίνηται,
1487 2046 1741 2102 τοιοῦτόν
1785 2040 1837 2101 τι

144 2136 239 2191 καὶ
276 2138 372 2206 τῆς
418 2139 636 2206 χορείας
682 2133 867 2190 αὐτῶν
915 2135 1309 2206 ἐμφαινούσης.
1386 2136 1562 2206 ἕτεροι
1611 2133 1662 2189 δ’
1708 2139 1837 2206 ἔφα-

267 2303 303 2340 1.
344 2294 570 2371 Χάριτας]
604 2292 713 2367 χάρ.
755 2294 898 2347 οὔσας
938 2313 967 2341 α
1006 2324 1057 2330 -
1100 2302 1140 2342 2.
1176 2293 1223 2350 ἐξ
1257 2293 1436 2351 εὖρὲων
1468 2312 1497 2342 a
1530 2293 1578 2350 ἐξ
1612 2250 1755 2341 εδάὶίὶξν
1787 2297 1843 2341 N

130 2350 192 2409 ,εξ
226 2351 427 2410 ἕδραίων
453 2355 495 2400 G
526 2353 621 2400 απὸ
656 2351 922 2412 ἔξηρμένων
946 2370 969 2400 c
1000 2381 1058 2388 —
1090 2352 1443 2432 διαβεβηκότων
1474 2357 1736 2414 (διαβεμηκ
1767 2357 1836 2411 Χ)

147 2415 184 2457 O
189 2411 591 2485 διαβεβοημένων
618 2415 693 2471 Μ2
722 2414 900 2460 Eudoc.
925 2440 982 2448 -
1015 2420 1054 2459 3.
1081 2420 1122 2460 4.
1155 2415 1235 2458 καὶ
1266 2411 1435 2459 τούτου
1467 2415 1783 2470 παριστῶντος
1808 2416 1834 2459 b

143 2469 232 2517 κάν
264 2469 413 2544 τούτῳ
433 2473 752 2543 παριστῶντες
778 2474 854 2532 Μ,ι
869 2487 892 2518 c
917 2500 970 2506 —
997 2477 1037 2519 8.
1064 2480 1103 2518 9.
1138 2469 1201 2516 ιν’
1224 2471 1555 2545 εὖγενέσταται
1589 2474 1680 2516 τῶν
1703 2474 1834 2517 θεῶν

144 2546 256 2575 ωσιν
296 2528 358 2582 ὡς
386 2519 506 2602 (ὡς
515 2530 540 2576 ὁ
578 2533 646 2587 Χ)
681 2533 789 2587 περὶ
819 2532 910 2576 τῶν
947 2531 1163 2589 πράξεων
1197 2532 1285 2576 εἰσὶ
1319 2529 1418 2587 (ἠσί
1436 2533 1478 2575 L
1508 2528 1599 2587 ἧσί.
1635 2532 1677 2574 V
1684 2528 1834 2602 ἥσιος

144 2585 266 2646 α’)α
299 2590 418 2648 [ἵνα]
454 2586 786 2646 εὖγενέσταται
822 2592 913 2635 τῶν
953 2595 1001 2636 θ.
1038 2590 1126 2635 εἰσὶ
1158 2590 1293 2646 (εἰσιν
1326 2591 1384 2646 G)
1418 2592 1443 2635 b
1483 2588 1609 2634 καθὸ
1645 2586 1830 2647 εὐγενέ-

145 2663 307 2693 σταται
330 2650 423 2692 τῶν
446 2650 577 2693 θεῶν
605 2648 698 2693 εἰσί
710 2663 733 2694 c
750 2675 805 2682 —
835 2655 901 2695 11.
928 2650 1008 2693 καὶ
1034 2646 1276 2724 ωφελίμως
1301 2651 1378 2708 Μ2
1392 2649 1586 2720 P<?)be
1592 2676 1642 2681 —
1667 2654 1731 2694 13.
1759 2650 1831 2693 δε·

143 2703 288 2759 όντως
322 2708 360 2751 0
390 2733 446 2740 —-
478 2712 547 2752 20.
582 2712 652 2751 21.
685 2708 981 2766 χαριστικῶς]
1014 2710 1255 2780 χαριστίαν
1288 2709 1335 2751 Ρ
1361 2734 1412 2740 -—
1449 2713 1517 2751 21.
1558 2704 1831 2751 άκατασπά-

146 2780 261 2817 στως
285 2767 375 2810 l—
398 2762 613 2810 τοιοῦτόν
637 2784 680 2811 τι
697 2767 836 2824 Lany
860 2767 939 2811 καὶ
963 2764 1105 2811 τοῦθ’
1127 2784 1197 2810 οτι
1226 2766 1263 2809 O
1288 2793 1342 2798 —
1371 2771 1439 2811 22.
1470 2768 1656 2822 χορείας
1675 2766 1834 2810 Osann

144 2826 301 2880 χρείας
335 2840 365 2869 a
396 2821 536 2882 χρόας
569 2826 627 2870 bc

1504 2898 1564 2940 2*
