1998 3088
806 132 1138 190 ΕΠΙΔΡΟΜΗ.
1742 148 1809 200 21

128 262 361 317 ἐνθένδε
398 266 619 333 πρῶτον
660 263 761 334 μὲν
794 263 1084 334 διάκτορος
1115 264 1368 334 κέκληται
1406 262 1528 335 ἤτοι
1569 262 1676 320 ἀπὸ
1714 268 1815 320 τοῦ

128 348 386 420 διάτορος
423 347 568 406 εἶναι
606 351 698 406 καὶ
736 350 939 423 τρανὸς
976 347 1011 422 ἢ
1043 348 1151 407 άπὸ
1193 355 1293 407 τοῦ
1334 349 1550 422 διάγειν
1586 350 1652 406 τὰ
1685 352 1817 422 νοή-

125 460 265 510 ματα
327 436 486 509 ἡμῶν
549 442 627 504 εἰς
672 436 768 504 τὰς
812 440 925 494 τῶν
970 443 1207 510 πλησιόν
1265 439 1464 511 ψυχάς·
1527 438 1673 495 καθὸ
1726 440 1818 495 καὶ

124 525 220 592 τὰς
272 527 514 597 γλώττας
568 525 716 601 αὐτῷ
766 530 1145 596 καθιεροῦσιν.
1231 526 1346 584 εἶτα
1402 529 1678 599 ἐριούνιος
1730 530 1818 583 ἐπ-

127 613 448 685 ονομάζεται
491 611 598 669 άπὸ
643 617 745 670 τοῦ
787 615 1181 687 μεγαλωφελής
1226 638 1308 681 τις
1353 614 1496 672 εἶναι
1543 616 1634 670 καὶ
1679 614 1812 671 καθ’

30 752 42 768 ,
124 700 440 773 ὑπερβολὴν
487 701 698 773 ἰσχύειν
745 701 876 767 τοὺς
926 704 1248 774 χρωμένους
1297 702 1445 779 αὐτῷ
1496 705 1589 758 καὶ
1643 707 1821 769 σῶκος

125 787 279 846 esaim
319 789 501 862 σωτὴρ
539 794 652 846 τῶν
694 797 864 846 οἴκων
904 788 1169 863 ὑπάρχων
1212 790 1295 862 [ἦ,
1337 789 1409 857 ὥς
1447 813 1619 861 τινες,
1669 796 1820 863 ἰσχυ-

126 878 260 949 ρός].
308 879 399 934 καὶ
430 877 494 935 τὸ
526 877 769 951 ἀκάκητα
796 878 858 935 δὲ
881 877 1055 935 αὐτὸν
1087 880 1349 950 λέγεσθαι
1381 879 1642 935 τοιούτου
1666 881 1822 945 τινὸς

126 967 359 1039 σημεῖόν
398 970 567 1024 ἐστιν’
616 966 684 1024 ού
724 966 830 1041 γὰρ
870 967 1010 1040 πρὸς
1047 966 1108 1024 τὸ
1147 970 1358 1024 κακοῦν
1404 968 1496 1023 καὶ
1534 967 1818 1039 βλάπτειν,

126 1053 263 1111 ἀλλὰ
303 1055 440 1128 πρὸς
484 1055 546 1112 τὸ
596 1056 789 1124 σώζειν
837 1059 1051 1128 μᾶλλον
1095 1058 1324 1128 γέγονεν
1366 1055 1395 1112 ὁ
1436 1057 1627 1128 λόγος,
1676 1054 1815 1113 ὅθεν

124 1144 215 1199 καὶ
265 1143 368 1215 τὴν
418 1142 658 1215 Ὑγίειαν
713 1142 861 1220 αύτῷ
919 1144 1253 1221 συνῴκισαν.
1335 1143 1706 1216 ἀργειφόντης
1760 1147 1826 1201 δέ

129 1235 279 1289 ἐστιν
321 1227 445 1289 οἷον
484 1232 834 1304 ἆργεφάντης
865 1231 973 1288 ἀπὸ
1013 1235 1114 1289 τοῦ
1145 1237 1355 1300 λευκῶς
1385 1233 1565 1289 πάντα
1597 1236 1822 1305 φαίνειν

124 1322 214 1378 καὶ
247 1325 571 1392 σαφηνίζειν
598 1354 661 1362 --
692 1319 755 1377 τὸ
788 1319 894 1392 γὰρ
926 1320 1127 1376 λευκὸν
1162 1319 1338 1392 ἀργὸν
1370 1321 1605 1377 ἐκάλουν
1639 1323 1697 1376 οἱ
1723 1341 1822 1376 πα·

125 1413 278 1465 λαιοί
302 1442 362 1449 -
393 1406 426 1479 ἢ
466 1406 574 1464 ἀπὸ
614 1411 710 1480 τῆς
747 1407 884 1463 κατὰ
923 1408 1026 1480 τὴν
1057 1407 1257 1480 φωνὴν
1289 1412 1589 1480 ταχυτῆτος
1624 1442 1686 1448 -
1723 1408 1817 1464 καὶ

124 1497 231 1568 γὰρ
274 1495 336 1553 τὸ
376 1495 513 1567 ταχὺ
560 1494 735 1566 ἀργὸν
781 1497 994 1566 λέγεται
1045 1515 1135 1536 -·
1185 1496 1562 1569 χρυσόρραπις
1600 1496 1686 1566 δὲ,
1735 1494 1820 1552 ὅτι

124 1584 423 1656 πολύτιμός
462 1586 575 1640 ἐστι
614 1584 704 1639 καὶ
746 1582 775 1640 ὁ
818 1585 872 1651 ἐξ
911 1582 1086 1640 αὐτοῦ
1118 1584 1417 1657 ραπισμός,
1457 1587 1668 1640 πολλοῦ
1707 1583 1816 1657 γὰρ

125 1673 278 1741 ἄξιαί
304 1676 446 1728 εἰσιν
470 1671 719 1745 εὔκαιροι
745 1677 1042 1728 νουθεσίαι
1068 1674 1159 1728 καὶ
1186 1671 1490 1744 ἐπιστροφὴ
1514 1674 1625 1728 τῶν
1650 1690 1820 1744 προσ-

126 1761 371 1834 εχόντων
412 1758 618 1826 αὐταῖς.
679 1762 1052 1832 παραδέδοται
1093 1760 1154 1818 δὲ
1192 1761 1284 1816 καὶ
1323 1762 1496 1832 κῆρυξ
1534 1763 1686 1815 θεῶν
1725 1760 1816 1815 καὶ

127 1851 472 1925 διαγγέλλειν
521 1847 693 1904 αὐτὸν
743 1853 957 1920 ἔφασαν
1003 1848 1070 1904 τὰ
1115 1847 1244 1919 παρ’
1293 1851 1522 1904 ἐκείνων
1566 1860 1683 1914 τοῖς
1724 1847 1820 1904 ἀν-

128 1938 396 2008 θρώποις,
427 1939 601 2009 κῆρυξ
627 1937 747 2008 μέν,
773 1934 960 2009 ἐπειδὴ
982 1935 1074 1992 διὰ
1093 1940 1286 2008 φωνῆς
1307 1941 1560 2007 γεγωνοῦ
1584 1940 1821 2012 παριστᾷ

246 2086 290 2128 p.
324 2075 402 2127 20,
435 2075 504 2114 23.
542 2076 579 2113 1.
619 2065 721 2113 αλλ’
766 2065 967 2114 ἐνθένδε
1003 2070 1139 2126 Lanq
1202 2065 1327 2127 ἀλλ’]
1376 2065 1575 2114 ἐνθένδε
1618 2071 1676 2114 bc
1714 2067 1818 2114 ἀλλ’

128 2128 272 2174 ἔνθεν
314 2145 363 2184 γε
407 2130 469 2186 (α.
517 2126 661 2172 ἔνθεν
703 2145 791 2184 γαρ
825 2128 890 2200 Ρ)
916 2144 945 2172 α
979 2084 1139 2173 ἔνθεν
1157 2130 1184 2171 δ
1246 2127 1320 2173 Os.
1348 2129 1412 2173 ed.
1456 2153 1509 2160 —
1544 2133 1585 2172 3.
1625 2125 1756 2172 καθὰ
1792 2143 1822 2174 a

127 2215 181 2221 —
222 2193 270 2235 4.-
306 2194 344 2233 5.
387 2185 718 2259 ἐπωνόμασται
756 2187 801 2231 L
841 2183 1136 2258 ὀνομάζεται
1164 2188 1224 2232 bc
1259 2213 1314 2219 —-
1364 2192 1405 2232 6.
1452 2183 1632 2242 ἰσχύειν
1672 2186 1819 2232 Schm.

130 2249 276 2304 ἴσχειν
319 2245 502 2317 (ἰσχεῖν)
541 2261 571 2291 α
618 2242 749 2290 ὀνειν
793 2246 909 2316 bM2
929 2260 953 2291 c
998 2242 1220 2290 ὀνινάναι
1268 2246 1433 2291 Struve
1471 2271 1526 2277 -—
1577 2250 1613 2289 7.
1649 2242 1822 2290 ὡσανεὶ

128 2307 187 2350 bc
226 2331 281 2339 -
321 2310 360 2350 8.
402 2301 617 2361 ἀκάκητα
656 2320 686 2349 a
724 2301 966 2361 ἄκάκητον
1014 2306 1039 2350 b
1086 2301 1333 2361 άκώκητον
1374 2319 1397 2349 c
1444 2330 1498 2337 —
1550 2304 1644 2362 [δε]
1693 2318 1717 2348 c
1763 2329 1821 2338 -

130 2370 199 2408 11.
239 2360 516 2435 συνῴκησαν
557 2366 787 2420 <-ωκησαν
830 2365 904 2419 Χ)
943 2364 1038 2408 aN
1065 2390 1116 2396 —
1162 2369 1230 2409 12.
1273 2361 1374 2407 οἷον
1412 2378 1442 2407 α
1480 2360 1625 2407 οἱονεὶ
1666 2364 1725 2407 bc
1764 2389 1819 2395 -

127 2414 301 2474 λευκῶς
348 2424 419 2467 ab
475 2419 628 2493 ἀργῶς
673 2437 697 2467 c
749 2447 802 2454 —
860 2428 929 2492 13.
978 2418 1124 2479 αργὸν
1168 2436 1191 2467 c
1236 2419 1470 2479 αργεννὸν
1521 2422 1571 2465 Χ
1616 2418 1822 2477 ἅργενόν

1842 633 1861 667 5

1844 1075 1884 1107 10

1846 1514 1887 1547 15

1845 1954 1889 1987 20

129 2479 226 2527 a'lb
264 2507 323 2515 --
371 2487 441 2525 14.
481 2478 600 2525 κατὰ
642 2478 730 2536 τὴν
764 2478 931 2537 φωνὴν
971 2484 1190 2553 (καταφω
1220 2483 1283 2525 τῶ
1314 2481 1388 2536 Ν)
1429 2481 1703 2537 ταχυτῆτος·
1741 2479 1821 2524 καὶ
1868 2523 1871 2525 μ

129 2537 217 2598 γὰρ
248 2538 300 2586 τὸ
333 2537 450 2596 ταχὺ
482 2536 631 2596 ἀργὸν
661 2539 847 2610 λέγεται
878 2541 970 2584 αΝ
996 2539 1116 2584 κατὰ
1147 2537 1431 2609 άντίφρασιν
1467 2539 1742 2595 ταχυτῆτος·
1776 2556 1821 2584 κ.

130 2615 169 2655 γ.
193 2616 231 2646 τ.
256 2616 293 2643 τ.
320 2617 362 2643 α.
390 2602 428 2644 λ.
451 2599 520 2656 N,
532 2599 575 2644 G
605 2597 726 2643 κατὰ
758 2600 842 2643 τοῦ
877 2600 1026 2670 φοιτῶ
1053 2599 1127 2655 (cf.
1148 2599 1223 2655 N)
1257 2595 1531 2669 ταχύτητος·
1564 2615 1604 2643 κ.
1638 2613 1678 2653 γ.
1711 2615 1747 2642 τ.
1781 2615 1820 2642 τ.

129 2673 174 2701 α.
197 2658 382 2715 λέγεται
398 2661 643 2729 ,(καλεῖται
669 2658 751 2714 W)
783 2655 902 2702 κατὰ
937 2654 1243 2728 ἀντίφρασιν
1245 2671 1268 2702 c
1291 2683 1349 2690 —
1378 2662 1445 2701 17.
1478 2652 1590 2710 ἀξία
1623 2654 1748 2701 ἐστὶν
1773 2654 1820 2712 (ἡ

130 2716 263 2762 addit
293 2719 331 2772 c)
366 2712 584 2787 εύκαιρος
614 2718 846 2760 νουθεσία
879 2718 938 2761 bc
978 2743 1031 2749 —
1079 2721 1146 2761 18.
1184 2713 1351 2767 αὐταῖς
1386 2715 1457 2760 08.
1492 2717 1557 2760 od.
1597 2711 1760 2765 αὐτοῖς
1791 2730 1822 2759 a

130 2771 341 2878 ἕῦτῇὲἕ
382 2770 520 2834 (αὐτῇ
560 2773 884 2831 προσεχόντων
918 2778 957 2832 c)
992 2801 1047 2807 ——
1097 2775 1216 2833 [καὶ]
1259 2775 1405 2830 κῆρυξ
1437 2789 1467 2819 α
1509 2799 1563 2807 --
1605 2777 1674 2818 20.
1717 2770 1819 2818 ἐπεὶ

163 2850 211 2878 ια
347 2847 370 2878 c
