1998 3088
858 110 1190 153 ΕΠΙΔΡΟΜΗ.
1759 112 1825 165 13

135 226 228 283 καὶ
267 228 330 282 ἐν
367 230 442 301 τῷ
482 229 696 301 είρμςό].
757 223 1000 298 ·Ἀνάγκη
1051 227 1116 282 δέ
1158 228 1309 282 ἐστιν
1354 226 1426 299 η“ν
1465 221 1591 295 ἆξαι
1628 230 1719 284 καὶ
1765 223 1830 301 ἧς

138 315 528 385 περιγενέσθαι
570 311 671 370 οὐκ
705 318 854 370 ἔστιν
884 311 918 385 ἢ
954 314 1042 385 ἐφ’
1071 311 1143 385 ἣν
1175 318 1288 371 πᾶν
1314 313 1343 371 ὃ
1376 313 1447 371 ἂν
1479 320 1704 387 γένηται
1727 317 1830 387 τὴν

139 400 438 473 ἀναγωγὴν
470 401 756 474 λαμβάνει.
798 394 933 473 ficoet'
970 401 1144 458 ἄλλον
1184 403 1246 458 δὲ
1277 403 1487 475 τρόπον
1519 416 1665 475 τρεῖς
1689 411 1831 460 Μοῖ-

88 489 90 491 ’
139 511 233 560 ραι
270 489 702 560 παρεισάγονται
739 489 877 546 κατὰ
915 489 979 546 τὸ
1017 489 1246 561 τρισσὸν
1293 494 1405 547 τῶν
1449 492 1693 564 χρόνων·
1739 494 1830 548 καὶ

138 576 363 633 Κλωθὼ
411 577 512 650 μὲν
565 576 883 649 ὠνόμασται
933 583 1030 650 μία
1082 577 1267 635 αὐτῶν
1319 579 1425 636 ἀπὸ
1480 577 1581 636 τοῦ
1631 582 1830 637 κλώσει
1855 600 1876 633 5

140 667 303 738 ἐρίων
338 667 583 723 ἐοικέναι
622 665 687 737 τὰ
727 666 999 738 γινόμενα
1050 665 1236 723 ἄλλων
1283 667 1473 735 ἄλλοις
1516 670 1834 725 ἐπιπιπτόν-

138 775 277 825 των,
310 753 455 810 καθὸ
486 753 579 809 καὶ
610 754 907 825 νήθουσαν
933 753 1109 826 αὐτὴν
1133 756 1518 828 πρεσβυτάτην
1542 760 1835 814 διατυποῦ-

140 858 214 912 σι,
247 841 484 913 Λάχεσις
517 839 570 896 δ’
599 839 737 913 ἅλλη
764 841 872 898 ἀπὸ
897 847 998 899 τοῦ
1023 845 1088 915 τῇ
1113 841 1250 898 κατὰ
1273 843 1404 909 τοὺς
1425 846 1664 916 κλήρους
1687 845 1835 917 λήξει

138 928 206 985 τὰ
253 927 636 1002 ἀποδιδόμενα
693 930 901 987 ἑκάστω
946 933 1360 1004 προσεοικέναι,
1390 930 1662 1003 ’Ἀτροπος
1700 933 1762 989 δὲ
1801 932 1834 1004 ἡ

139 1024 293 1091 τρίτη
322 1019 414 1075 διὰ
440 1018 501 1076 τὸ
528 1017 806 1092 ἀτρέπτως
828 1024 974 1092 ἔχειν
1001 1018 1067 1075 τὰ
1092 1018 1210 1076 κατ’
1225 1019 1400 1091 αὐτὴν
1426 1015 1902 1111 διατεταγμένα]ω

143 1106 177 1179 ἡ
220 1107 271 1163 δ’
309 1106 446 1179 αὐτὴ
490 1107 728 1179 δύναμις
768 1112 981 1174 οἰκείως
1012 1105 1083 1164 οὶν
1124 1107 1282 1174 δόξαι
1313 1131 1426 1164 των
1463 1131 1636 1180 τριων
1667 1125 1834 1213 προσ-

104 1274 109 1278 .
145 1218 391 1269 ηγοριων
423 1196 735 1268 τυγχάνειν.
801 1194 938 1268 αύτη
973 1197 1039 1251 δέ
1067 1197 1181 1251 ἐστι
1211 1197 1303 1251 καὶ
1335 1195 1731 1268 Ἀδράστεια,’
1709 1196 1835 1268 ήτοι

146 1283 295 1357 παρὰ
332 1284 394 1341 τὸ
435 1283 806 1356 ἀνέκφευκτος
842 1285 934 1340 καὶ
973 1282 1403 1356 ἀναπόδραστος
1433 1285 1578 1342 εἶναι
1618 1284 1835 1357 ὠνομα-

149 1374 321 1444 σμένη
361 1370 395 1444 ἢ
436 1372 583 1445 παρὰ
622 1373 684 1429 τὸ
726 1372 812 1429 ἀεὶ
852 1377 995 1442 δρᾶν
1026 1371 1092 1428 τὰ
1124 1372 1255 1429 καθ’
1293 1373 1500 1445 αὑτήν,
1541 1372 1693 1429 ὡσὰν
1725 1371 1836 1429 ἀει-

149 1459 409 1531 δράστεια
450 1455 616 1532 οὖσα,
656 1457 690 1532 ἢ
730 1451 829 1516 τοῦ
869 1465 1192 1533 στερητικοῦ
1224 1467 1427 1532 μορίου
1464 1465 1683 1533 πλῆθος
1721 1465 1829 1517 νῦν
1855 1480 1897 1512 15

147 1547 566 1620 ἀποδηλοῦντος
596 1547 671 1615 ὡς
696 1551 756 1604 ἐν
780 1553 845 1621 τῇ
874 1547 1075 1623 εἀξύλῳ
1107 1547 1266 1621 &237³-
1298 1549 1707 1620 πολυδράστεια
1730 1550 1838 1621 γάρ

146 1638 276 1692 ε’στι.
337 1637 577 1707 Νέμεσις
610 1637 670 1692 δὲ
711 1635 818 1692 ἀπὸ
851 1639 948 1708 τῆς
986 1635 1266 1707 νεμήσεως
1300 1637 1743 1709 προσηγόρευται
1774 1671 1833 1679 -

150 1727 359 1796 διαιρεῖ
387 1724 493 1796 γάρ
525 1724 586 1781 τὸ
621 1725 920 1797 ἐπιβάλλον
954 1724 1163 1799 ἑκάστω
1203 1758 1287 1794 —‚
1327 1723 1474 1795 Τύχη
1510 1724 1571 1779 δὲ
1595 1718 1702 1780 ἀπὸ
1740 1729 1839 1780 τοῦ

149 1813 365 1885 τεύχειν
405 1812 539 1885 ἡμῖν
587 1813 682 1880 τὰς
728 1814 1073 1886 περιστάσεις
1119 1813 1211 1868 καὶ
1250 1816 1364 1868 τῶν
1412 1812 1839 1884 συμπιπτόντων

149 1914 266 1967 τοῖς
304 1901 630 1974 ἀνθρώποις
676 1901 1014 1974 δημιουργὸς
1054 1899 1223 1971 εἶναι,
1260 1899 1420 1967 ’Όπις
1471 1901 1533 1957 δὲ
1583 1899 1689 1956 ἀπὸ
1738 1906 1839 1957 τοῦ
1863 1919 1908 1951 20

148 1992 516 2046 λανθάνουσα
554 1990 645 2045 καὶ
698 1988 880 2060 ὥσπερ
919 1992 1430 2061 παρακολουθοῦσα
1470 1988 1708 2045 ὄπισθεν
1746 1991 1838 2045 καὶ

149 2148 178 2207 ἡ
215 2149 372 2211 πρώτη
408 2152 460 2195 Χ
498 2148 719 2211 βύλμησις
751 2148 777 2208 ἡ
819 2148 975 2208 πρώτη
1008 2153 1033 2196 b
1066 2167 1187 2207 απερ
1220 2147 1248 2207 ἡ
1262 2136 1438 2222 πρώτη
1472 2164 1495 2195 c
1533 2151 1722 2266 τμῆσινΡ
1739 2150 1784 2194 εἰ
1812 2147 1840 2206 ἡ

148 2227 226 2266 πρ.
257 2209 404 2255 Lawr.
437 2216 492 2255 37
525 2212 593 2267 pl.
628 2216 696 2256 31.
733 2211 845 2256 Par.
880 2215 1009 2256 3078.
1015 2208 1216 2282 [βυλλ.]
1250 2206 1279 2266 ἡ
1319 2207 1475 2266 πρώτη
1507 2208 1577 2254 a'l
1606 2236 1659 2240 —
1773 2214 1840 2264 12,

150 2269 289 2315 1.18.
329 2275 395 2314 19.
435 2267 583 2326 πέρας
621 2271 786 2342 τμῆσιν
824 2267 881 2313 τὰ
921 2267 1151 2326 γινόμενα
1189 2284 1306 2324 οπερ
1346 2268 1566 2313 Villoison
1597 2269 1747 2312 voluit
1785 2293 1840 2299 —

154 2334 193 2372 1.
226 2321 356 2386 ἆξαι]
390 2324 529 2384 αρξαι
563 2329 615 2372 X
643 2326 784 2385 αγξαι
816 2328 979 2374 Struve
1010 2354 1065 2360 —
1099 2334 1140 2372 2.
1174 2325 1329 2372 πάντα
1356 2323 1387 2371 οὶ
1420 2323 1480 2371 ἂν
1513 2325 1706 2383 γένηται
1740 2326 1841 2370 Eu-

150 2388 284 2432 docia
308 2413 363 2420 —
389 2392 429 2432 4.
454 2388 517 2447 τῷ
542 2384 693 2446 χρόνῳ
718 2389 778 2432 bc
806 2414 856 2420 —
892 2394 932 2432 6.
958 2384 1096 2444 ἐρίων
1128 2387 1242 2432 Gale
1275 2384 1422 2443 ἔργων
1458 2386 1495 2430 O
1529 2412 1583 2418 -
1616 2391 1655 2430 6.
1691 2390 1728 2430 7.
1765 2382 1842 2441 ἐμ-

151 2442 415 2490 πιπτόντων
440 2460 464 2491 c
488 2472 540 2478 —
578 2451 615 2490 7.
649 2447 730 2490 καὶ
761 2444 888 2491 καθὸ
922 2446 1003 2490 καὶ
1027 2447 1053 2491 b
1084 2472 1138 2478 ——
1170 2444 1416 2515 νήθουσαν
1442 2461 1487 2488 α.
1519 2441 1844 2502 πρεσβυτάτην

152 2505 218 2549 ab
249 2521 289 2550 ν.
315 2521 359 2548 α.
386 2521 430 2549 οι
453 2502 763 2575 πρεσβύτατοι
788 2519 811 2550 c
833 2501 1006 2560 νήθειν
1032 2522 1074 2549 α.
1101 2502 1150 2548 οἱ
1177 2501 1489 2574 πρεσβύτατοι
1514 2503 1690 2548 Eudoc.
1715 2503 1859 2547 codd.

155 2589 209 2595 —
236 2568 276 2610 8.
302 2559 413 2614 τοῖὐς
437 2560 635 2620 κλήρους
663 2561 906 2635 (σκλήρους
933 2564 1061 2635 Χ)α
1095 2564 1172 2622 [τ.]
1206 2561 1406 2634 κλήρους
1437 2564 1495 2607 bc
1519 2588 1575 2594 —
1611 2566 1677 2605 10.
1710 2559 1842 2631 ἄτρε·

153 2637 246 2665 πτα
277 2620 411 2692 ἔχειν
443 2623 487 2666 L
520 2622 652 2693 ἔχειν
691 2619 899 2695 ἄτρεπτα
938 2638 968 2667 α
974 2620 1049 2666 'V
1083 2648 1138 2654 —
1180 2628 1248 2666 14
1289 2617 1406 2666 καθ’
1451 2617 1624 2677 ἑαυτὴν
1664 2636 1692 2665 α
1732 2615 1840 2663 κατ’

156 2677 293 2734 (κατὰ
327 2681 385 2737 G)
418 2677 566 2738 αὐτὴν
598 2683 658 2727 bc
682 2707 736 2714 —
770 2679 898 2726 ὡσάν
931 2697 958 2726 a
992 2678 1163 2725 ὡσανεὶ
1194 2682 1276 2725 Nc
1307 2677 1455 2724 οἱονεὶ
1480 2679 1522 2724 G
1554 2705 1607 2712 —
1645 2685 1711 2724 16.
1745 2675 1842 2722 ἑπι-

156 2740 410 2795 δηλοῦντος
440 2741 498 2785 bc
522 2766 577 2772 —
603 2757 664 2791 ως
697 2737 768 2798 [ἐν
794 2741 868 2798 τῇ]
902 2737 1072 2794 αξυλος
1096 2734 1183 2796 ύλη
1211 2741 1269 2784 bc
1294 2764 1348 2771 -
1381 2744 1448 2783 17.
1483 2733 1842 2794 προσηγορεύθη

155 2797 217 2841 bc
235 2824 288 2830 --
307 2804 377 2845 20.
402 2804 500 2850 τοῖς
523 2795 845 2856 ἀνθρωπίνοις
869 2801 932 2854 (ιν
958 2813 1020 2843 er.
1038 2799 1090 2843 N
1096 2757 1183 2854 )b⁷²
1176 2824 1227 2830 —
1255 2803 1325 2841 21.
1352 2794 1545 2855 ὡς[περ]
1571 2798 1795 2852 παρακολ.
1814 2809 1843 2837 α
