1998 3088
207 110 274 162 16
860 110 1234 152 ΚΟΡΝΟΤΤΟΤ

199 228 668 297 πεπαιδευμένους
716 227 808 281 καὶ
859 225 1062 292 αὐτούς
1117 248 1175 282 τε
1219 227 1311 282 καὶ
1367 227 1586 297 ἑτέρους
1638 231 1887 297 κλεΐξειν,

201 314 456 385 Εὐτέρπη
507 314 569 371 δὲ
615 312 722 370 άπὸ
777 317 878 370 τοῦ
924 313 1020 380 τὰς
1079 313 1297 386 ὁμιλίας
1354 313 1537 371 αὐτῶν
1589 317 1891 387 ἐπιτερπεῖς

199 405 291 458 καὶ
341 400 597 474 ἀγωγοὺς
649 401 816 473 εἶναι,
869 402 1072 458 Θάλεια
1124 402 1185 458 δὲ
1230 401 1354 473 ἤτοι
1402 401 1494 457 διὰ
1542 401 1604 458 τὸ
1654 402 1890 458 θάλλειν

201 488 387 547 αὐτῶν
427 491 526 548 τὸν
565 495 693 562 βίον
731 488 765 562 ἢ
808 489 901 546 διὰ
939 491 1002 547 τὸ
1055 495 1199 562 ἔχειν
1239 489 1443 556 αὐτοὺς
1478 490 1570 546 καὶ
1615 490 1715 562 τὴν
1757 507 1890 562 συμ-
1955 557 1958 565 ¹

155 579 435 651 ὅποτικὴν
481 577 682 652 ἀρετὴν
735 580 1017 646 ἐπιδεξίως
1053 581 1146 635 καὶ
1197 577 1485 650 εὐμούσως
1524 582 1586 635 ἐν
1630 589 1749 644 ταῖς
1786 577 1892 634 θα-

201 671 372 733 λείαις
411 666 960 741 άναστρεφομένους,
1001 669 1339 738 Μελπομένη
1379 667 1440 723 δὲ
1478 666 1587 723 ἀπὸ
1626 670 1723 738 τῆς
1761 673 1892 747 μολ-

201 758 306 826 πῆς
344 761 599 826 γλυκείας
635 755 788 822 τινὸς
827 759 1020 828 φωνῆς
1057 754 1190 827 μετὰ
1223 757 1424 827 μέλους
1463 753 1635 826 οὔσης
1671 788 1732 795 -
1769 756 1892 826 μέλ-

200 863 399 899 πονται
445 844 553 917 γὰρ
599 842 708 900 ὑπὸ
756 844 982 899 πάντων
1025 847 1082 899 οἰ
1116 842 1324 914 ἀγαθοὶ
1362 845 1453 899 καὶ
1492 845 1760 915 μέλπουσι
1801 844 1893 899 καὶ

204 929 364 987 αὐτοὶ
402 930 532 997 τοὺς
569 930 743 997 θεοὺς
787 932 878 986 καὶ
917 931 1047 997 τοὺς
1084 930 1191 1003 πρὸ
1241 929 1427 987 αὑτῶν
1466 930 1764 1002 γεγονότας
1804 965 1893 1001 -,

139 1036 181 1068 10
211 1019 522 1092 Τερψιχόρη
570 1020 631 1076 δὲ
679 1019 771 1075 διὰ
820 1019 881 1076 τὸ
933 1021 1234 1091 τέρπεσθαι
1284 1020 1376 1074 καὶ
1425 1024 1638 1091 χαίρειν
1690 1018 1895 1084 αὐτοὺς

202 1106 264 1163 τὸ
312 1114 572 1164 πλεῖστον
619 1109 784 1179 μέρος
830 1112 931 1164 τοῦ
979 1113 1109 1178 βίου
1154 1104 1189 1178 ἢ
1239 1107 1332 1163 διὰ
1379 1106 1441 1163 τὸ
1494 1108 1586 1163 καὶ
1619 1106 1742 1163 -ἀπό
1794 1111 1894 1164 τοῦ

206 1193 450 1267 ὁρᾶσθαι
496 1199 755 1268 παρέχειν
792 1198 987 1266 τέρψιν
1025 1206 1141 1260 τοῖς
1177 1194 1651 1268 προσπελάζουσιν
1690 1194 1895 1263 αὐτοῖς,

206 1283 331 1350 ἑνὸς
370 1289 647 1356 στοιχείου
685 1284 1085 1351 πλεονάζοντος
1130 1286 1191 1340 ἐν
1230 1287 1305 1359 τῷ
1353 1282 1609 1356 ὀνόματι,
1657 1284 1794 1356 τάχα
1834 1284 1895 1340 δὲ

205 1372 321 1427 ε’πεὶ
359 1373 451 1427 καὶ
490 1372 693 1444 χόρους
731 1376 963 1428 ἵστασαν
1004 1375 1062 1427 οί
1103 1373 1328 1427 παλαιοὶ
1374 1383 1491 1438 τοις
1535 1380 1717 1443 θεοῖς,
1765 1389 1896 1429 συν-

142 1476 184 1509 15
206 1461 482 1517 τιθέντων
508 1458 696 1526 αυτοῖς
718 1460 815 1526 τὰς
838 1459 987 1536 ᾠδὰς
1008 1464 1122 1516 τῶν
1147 1462 1511 1532 σοφωτάτων·
1543 1459 1578 1532 ἡ
1601 1460 1662 1515 δε
1689 1459 1894 1533 Ἐρατω

205 1548 443 1620 πότερον
482 1546 588 1604 ἀπὸ
629 1552 729 1605 τοῦ
778 1554 980 1621 ε’ρωτος
1019 1544 1269 1620 λαβοῦσα
1308 1548 1411 1620 τὴν
1450 1546 1761 1621 ὀνομασίαν
1794 1548 1894 1620 τὴν

204 1638 328 1707 περὶ
375 1640 489 1691 πᾶν
537 1635 686 1703 εἶδος
724 1640 1063 1708 φιλοσοφίας
1109 1634 1449 1708 ἐπιστροφὴν
1488 1640 1820 1707 παρίστησιν
1860 1660 1893 1707 η
1974 1646 1989 1664 ”

204 1727 315 1795 τῆς
325 1725 451 1797 περὶ
482 1723 543 1781 τὸ
570 1730 799 1798 ἔρεσθαι
822 1726 912 1781 καὶ
939 1724 1343 1796 ἀποκρίνεσθαι
1369 1725 1658 1797 δυνάμεως
1682 1727 1895 1780 ἐπίσκο-

205 1812 308 1878 πός
348 1815 516 1884 ἐστιν,
555 1836 630 1878 ως
669 1812 739 1884 δὴ
780 1816 1139 1875 διαλεκτικων
1180 1812 1361 1869 όντων
1396 1815 1509 1868 τῶν
1550 1801 1909 1887 σπουδαίωνζ

140 1917 184 1949 20
206 1901 500 1972 Πολύμνια
556 1903 621 1956 δέ
665 1903 814 1957 ἐστιν
860 1900 893 1973 ἡ
946 1901 1334 1974 πολυύμνητος
1378 1898 1544 1972 ἀρετὴ
1598 1924 1633 1971 η
1683 1903 1895 1972 μᾶλλον

327 2041 366 2079 1.
401 2035 492 2092 [τε]
527 2036 543 2079 ἶ
574 2060 628 2066 -
664 2031 871 2092 ἑτέρους]
903 2031 1013 2085 τούς
1045 2029 1258 2089 εταίρους
1293 2033 1451 2077 Osann
1484 2058 1538 2064 --
1574 2037 1614 2076 2.
1654 2028 1896 2103 εὐτερπεῑς

207 2094 268 2138 bc
300 2093 476 2137 Mehler
510 2093 597 2147 (ed.
622 2092 844 2137 Heraclii:
868 2092 1020 2148 Alleg.
1046 2092 1181 2136 Hom.
1206 2107 1251 2161 p.
1280 2093 1381 2146 134)
1408 2117 1463 2123 —
1495 2096 1535 2135 3.
1569 2087 1781 2147 ἄγώγους
1815 2091 1892 2136 Pb

208 2147 478 2221 εὐαγώγους
502 2165 525 2195 c
557 2147 833 2207 ἐπαγωγοὺς
858 2151 1034 2195 Mehler
1066 2148 1340 2220 ἐπαγωγους
1366 2149 1587 2194 Villoison
1616 2175 1667 2182 —
1700 2154 1741 2194 5.
1769 2145 1894 2207 ευμ.]

209 2206 451 2266 ἐμμούσως
475 2224 499 2254 c
522 2206 645 2280 (ἕμμ.
672 2223 784 2254 corr.
810 2208 860 2252 in
885 2205 985 2265 εὔμ.
997 2208 1152 2261 W)—-
1179 2214 1217 2253 5.
1238 2214 1277 2254 6
1286 2204 1557 2279 άναστρεφ.
1585 2205 1637 2253 ἐν
1661 2213 1764 2259 ταῖς
1785 2211 1895 2252 θαλ.

210 2269 269 2312 bc
301 2293 356 2300 —
389 2273 428 2312 8.
463 2265 557 2313 ὑπὸ
590 2284 636 2312 π.
673 2265 721 2311 οἴ
748 2264 928 2324 ἀγαθοὶ
959 2283 989 2312 α
1020 2265 1069 2311 οἴ
1097 2263 1171 2336 άγ,
1205 2262 1298 2311 άπὸ
1335 2264 1526 2311 πάντων
1559 2268 1618 2312 bc
1650 2293 1703 2300 --
1739 2272 1779 2311 9.
1813 2263 1897 2311 αὖ·

207 2327 301 2370 τῶν
328 2327 548 2372 Villoison
573 2322 730 2371 αυτῶν
759 2327 796 2370 O
830 2353 883 2358 —
919 2331 985 2371 10.
1021 2323 1194 2376 αὐτοὺς
1218 2341 1247 2370 a
1277 2322 1415 2397 αυτῇ
1428 2327 1486 2371 bc
1519 2330 1573 2358 ’-
1610 2331 1678 2370 11.
1713 2330 1781 2370 12.
1815 2322 1895 2370 διὰ

208 2382 260 2428 τὸ
287 2385 368 2429 καὶ
392 2381 488 2429 άπὸ
513 2386 597 2431 τοῦ
623 2381 695 2456 ὁρ.
717 2384 881 2455 παρέχ.
908 2402 944 2428 τ.
971 2401 1000 2429 a
1031 2384 1112 2429 καὶ
1136 2382 1215 2429 διὰ
1242 2381 1292 2429 τό
1327 2381 1420 2429 άπὸ
1454 2385 1537 2429 τοῦ
1571 2381 1639 2442 ὁρ.
1663 2401 1772 2439 παρ.
1797 2382 1896 2439 τέρ-

208 2453 295 2495 ψιν
321 2458 343 2487 c
374 2441 454 2487 διὰ
478 2441 529 2487 τὸ
558 2445 640 2503 [π.]
667 2439 761 2488 ἀπὸ
786 2460 870 2488 του
894 2440 1099 2515 ὁρᾶσθαι
1127 2444 1214 2502 [π.]
1239 2442 1475 2514 τέρψινΝ
1497 2445 1560 2501 [6.
1585 2461 1622 2487 τ.
1648 2443 1710 2500 w]
1735 2440 1830 2487 άπὸ
1855 2460 1893 2487 τ.

211 2500 418 2556 ὁρᾶσθαι
437 2503 522 2560 [π.]
548 2520 585 2548 τ.
596 2504 664 2559 Ν2
677 2499 714 2546 b'
735 2528 788 2534 —
811 2507 877 2546 12.
905 2499 1021 2560 αυτῇ
1044 2504 1175 2548 be—
1195 2508 1354 2547 13.14.
1381 2499 1499 2573 τάχα
1524 2500 1577 2546 δε
1605 2498 1708 2546 ἐπεὶ
1731 2502 1812 2545 καὶ
1830 2502 1898 2557 (in

210 2560 256 2604 P
282 2561 362 2604 καὶ
392 2562 693 2614 postmodum
724 2562 949 2606 insertum
977 2561 1180 2618 videtur)
1205 2562 1330 2606 aeN
1355 2559 1474 2618 τάχα
1506 2561 1559 2605 δε
1586 2557 1690 2605 ἐπεὶ
1715 2556 1811 2615 (ἐπὶ
1835 2559 1895 2616 G)

215 2619 335 2677 [καὶ]
369 2618 406 2664 b'
441 2637 478 2664 τ.
511 2619 564 2664 ὃε
597 2621 676 2664 καὶ
702 2616 805 2664 ἐπεὶ
834 2620 990 2664 Osann
1015 2647 1069 2653 —
1098 2626 1164 2666 15.
1192 2620 1470 2690 σοφωτέρων
1495 2621 1673 2689 (σοφοτ.
1698 2618 1895 2688 N)Lbc

212 2703 266 2709 —-
302 2683 370 2724 16.
409 2675 610 2734 πότερον
649 2675 876 2747 (πάτερον
906 2680 978 2748 X)
1004 2679 1191 2737 acNG2
1234 2676 1461 2734 πρότερον
1494 2675 1531 2723 b'
1567 2702 1621 2709 -—
1658 2682 1725 2722 18.
1765 2674 1894 2730 παρὰ

210 2732 261 2780 τὸ
298 2734 493 2793 ἔρεσθαι
525 2739 550 2782 b
577 2764 630 2770 --
665 2743 733 2782 20.
766 2734 883 2782 πολὺ
916 2732 1120 2794 ν’μνητος
1147 2738 1243 2781 PL
1275 2764 1328 2770 —
1363 2742 1431 2781 20.
1454 2752 1509 2793 p.
1545 2741 1614 2790 17,
1649 2741 1686 2781 1.
1719 2731 1747 2791 ἢ
1782 2736 1895 2792 μᾶλ-

210 2797 292 2838 λον
326 2798 433 2846 ἴσως
463 2796 682 2842 Villoison
717 2791 785 2855 [ἢ]
820 2796 992 2852 μᾶλλον
1025 2799 1133 2847 ἴσως
1165 2811 1194 2841 α
1226 2791 1254 2852 ἢ
1288 2796 1459 2853 μᾶλλον
1495 2794 1565 2852 [ι.]
1601 2796 1660 2839 bc
