1998 3088
157 132 198 169 X
819 76 1177 160 PRAEFATIO.

158 240 294 289 θεῶν
334 236 553 305 φύσεως,
594 258 743 304 quam
782 243 832 289 et
869 241 921 288 in
961 241 1188 290 omnibus
1233 241 1336 290 fere
1366 241 1584 290 familiae
1624 235 1675 290 b'
1714 242 1846 290 etin

158 315 357 373 generis
405 332 429 365 c
473 316 663 365 familia
712 316 765 380 β,
818 314 1020 376 propius
1074 315 1164 363 illa
1217 331 1366 376 quam
1411 334 1443 363 α
1490 315 1552 363 ad
1607 317 1634 363 b
1687 330 1844 378 genus

159 388 443 453 accedente,
491 390 644 438 habes
687 384 771 456 (of.
818 404 865 449 p.
916 381 992 454 1),
1050 388 1352 438 subditivam
1405 404 1513 437 esse
1558 389 1846 449 putandam.

157 459 317 511 Immo
356 463 554 526 generis
595 478 627 511 a
663 463 941 524 inscriptio,
980 477 1108 524 quae
1147 462 1373 524 quamvis
1401 463 1585 511 luxatis
1609 462 1846 511 membris

159 533 310 583 etiam
372 552 402 585 a
461 537 658 600 generis
721 552 745 586 c
804 535 994 584 familia
1068 554 1100 583 α
1158 536 1449 598 praebetur,
1524 536 1666 584 unice
1728 551 1848 586 vera

159 610 266 672 est,
327 625 546 672 caveque
613 627 676 658 ne
748 626 859 658 cum
927 609 1110 657 Jahnio
1181 603 1380 672 ἐπιτομὴ
1449 625 1538 671 pro
1608 604 1846 674 ἐπιδρομκὴ

160 683 370 731 scribas:
417 699 535 732 nam
573 678 847 747 ἐπιδρομὴν
890 699 990 732 11011
1035 684 1234 731 tantum
1278 684 1523 744 impetum
1570 683 1847 745 significare

159 756 247 802 sed
300 757 452 804 etiam
506 758 887 806 tumultuariam
943 758 994 805 et
1055 757 1452 818 compendiosam
1513 756 1720 804 alicuius
1774 757 1848 804 rei

156 831 507 879 tractationem
538 831 825 879 testimonio
862 832 979 879 sunt
1015 829 1258 892 imprimis
1292 830 1387 878 duo
1420 830 1552 891 apud
1575 829 1849 891 Diogenem

157 900 415 951 Laertium
429 897 469 969 1)
516 905 632 966 loci,
689 906 870 966 quibus
917 904 1104 953 Dioclis
1151 904 1403 965 Magnetis
1458 898 1696 967 ἐπιδρομή
1751 906 1848 952 τῶν

159 972 451 1040 φιλοσόφων
512 981 944 1040 commemoratur,
1009 993 1158 1039 quam
1213 977 1414 1038 quidem
1468 980 1640 1025 contra
1691 978 1849 1039 philo·

161 1051 363 1113 sophos,
411 1067 511 1099 non
550 1053 610 1100 de
649 1051 959 1114 philosophis
1000 1052 1237 1112 scriptam
1274 1050 1428 1098 fuisse
1466 1053 1666 1098 tantum
1705 1051 1849 1099 abest

158 1125 215 1170 ut
247 1124 482 1173 credibile
523 1126 603 1186 sit,
641 1129 699 1174 ut
735 1126 868 1173 idem
909 1124 1128 1174 eiusdem
1170 1124 1356 1173 Dioclis
1395 1124 1524 1172 liber
1562 1117 1847 1190 videatur2)

160 1212 306 1257 quem
345 1198 455 1247 aliis
495 1199 615 1247 locis
654 1196 765 1263 περὶ
803 1198 927 1262 βίων
965 1199 1062 1247 τῶν
1093 1192 1384 1260 φιλοσόφων
1415 1197 1662 1260 Diogenes
1694 1198 1849 1246 nomi-

157 1273 267 1334 nat3
314 1272 412 1320 alia
459 1274 685 1334 exempla
731 1273 901 1321 videas
947 1273 1000 1319 in
1047 1271 1286 1332 Stephani
1326 1271 1605 1331 Thesauro,
1652 1271 1704 1319 in
1752 1267 1848 1333 quo

159 1343 450 1394 Laertianos
497 1346 610 1395 illos
657 1347 790 1395 locos
841 1346 1220 1407 praetermissos
1262 1361 1370 1393 esse
1409 1345 1555 1394 valde
1594 1345 1848 1394 miramur.

825 1547 1181 1554 ———-.-.—.—-.

589 1680 935 1786 comoUM
989 1723 1415 1784 REGENSUS.

305 1963 345 2011 Ι.
409 1961 560 2011 Codd.
600 1963 797 2025 generis
839 1979 891 2024 a,
931 1962 1064 2024 quod
1103 1964 1181 2010 est
1220 1962 1476 2023 optimum.

305 2036 380 2083 De
419 2036 740 2098 inscriptione
781 2037 965 2097 operis,
1008 2051 1158 2098 quam
1180 2036 1273 2083 hoc
1297 2035 1400 2083 cod.
1433 2051 1590 2097 genus
1623 2035 1846 2097 praebet,

160 2109 218 2157 cf.
259 2124 385 2171 quae
426 2123 576 2170 supra
616 2110 826 2157 diximus
868 2112 918 2157 et
956 2126 1003 2170 p.
1048 2112 1091 2156 1.

310 2185 355 2229 1.
395 2182 442 2229 P
468 2203 537 2220 ===
570 2182 826 2230 Parisinus
863 2184 1006 2230 2720
1048 2175 1272 2248 (Osanno
1303 2181 1598 2231 Parisiensis
1629 2176 1703 2247 4),
1742 2181 1849 2230 XV.

160 2256 366 2315 saeculi,
399 2255 504 2303 cod.
537 2256 752 2317 optimae
783 2258 952 2316 notae,
989 2271 1200 2317 quocum
1232 2257 1298 2303 M
1323 2256 1616 2317 plerumque
1649 2270 1850 2304 consen-

160 2330 245 2389 tit,
300 2330 431 2376 unde
484 2329 575 2377 hos
631 2329 754 2377 duos
811 2329 1057 2377 communi
1113 2329 1254 2391 signo
1304 2324 1406 2394 (a')
1461 2329 1847 2391 nominavimus,

159 2402 208 2450 P
234 2405 284 2450 et
315 2403 379 2449 M
406 2402 646 2450 recedunt
676 2402 964 2464 longissime
997 2418 1027 2450 a
1058 2403 1215 2450 classe
1245 2405 1286 2451 b.
1348 2402 1487 2451 Inest
1510 2403 1562 2449 in
1585 2403 1849 2464 Ppraeter

161 2475 262 2523 alia
298 2476 459 2523 multa
499 2475 651 2523 etiam
690 2475 1027 2536 Palaephatus
1067 2477 1480 2538 mythographus.

309 2551 356 2597 2.
396 2549 462 2595 M
485 2569 552 2588 =
577 2549 1045 2611 Montepessulanus
1079 2551 1209 2611 422,
1248 2549 1381 2597 XV1.
1415 2549 1623 2611 saeculi,
1664 2546 1848 2614 Cornu-

160 2623 269 2669 tum
315 2624 366 2670 et
411 2621 773 2685 Palaephatum
818 2623 1089 2671 continens.
1167 2624 1247 2686 M'2
1297 2623 1359 2671 ad
1404 2623 1552 2670 finem
1599 2637 1704 2683 cap.
1750 2621 1848 2668 XII

282 2764 323 2818 1)
357 2762 443 2806 VII
474 2767 498 2815 ξ
531 2767 602 2819 48,
634 2763 676 2806 Χ
707 2767 731 2815 ἓ
766 2767 834 2816 11,
868 2763 972 2806 0011.
1008 2763 1093 2806 VII
1125 2767 1149 2816 ξ
1184 2768 1280 2808 162.

278 2823 323 2876 2)
358 2820 424 2864 Cf.
457 2821 666 2866 Hu'bneri
699 2823 851 2877 (1830)
886 2822 944 2865 ad
977 2820 1112 2879 Diog.
1148 2822 1197 2865 L.
1231 2823 1274 2865 X
1307 2826 1359 2865 11
1393 2819 1756 2865 adnotationem.
