1998 3088
154 139 224 191 70
588 141 602 152 ''
815 138 1187 182 KOPNOTTOT

150 279 279 328 ματι
318 260 500 312 αἰτίου
538 256 842 327 γινομένου
883 254 976 311 διὰ
1007 259 1104 326 τῆς
1133 259 1235 311 τοῦ
1265 256 1615 326 περιέχοντος
1648 252 1850 325 εὐκραν

150 349 286 410 σίας.
364 367 406 400 c,
448 347 532 400 33.
588 341 728 400 Κατ’
767 342 1089 400 ἀκόλουθον
1118 343 1286 399 πάλιν
1316 343 1418 399 τὸν
1444 341 1840 413 Ἀσκληπιὸν

148 432 279 488 υἱὸν
318 431 490 488 αὐτοῦ
529 436 745 503 ἔφασαν
783 432 1075 502 γενέσθαι,
1121 429 1221 486 τὸν
1270 434 1546 487 δοκοῦντα
1591 441 1707 496 τοῖς
1745 429 1851 486 ἀνι

149 521 399 592 θρώποις
445 519 862 591 ὑποδεδειχέναι
911 519 1011 590 τὴν
1060 518 1334 591 ἰατρικήν·
1384 520 1549 591 ἐχρῆν
1596 518 1702 591 γὰρ
1749 521 1842 575 καὶ

104 623 124 656 ⁵
151 608 328 683 τούτῳ
376 596 455 683 τῷν
490 607 639 683 τόπῳ
679 607 845 663 θεῖόν
888 630 941 662 τι
979 610 1282 678 ἐπιστῆσαι.
1351 606 1658 679 ὠνομάσθη
1709 608 1771 664 δὲ
1811 606 1841 664 ὁ

143 697 470 768 Ἀσκληπιὸς
517 695 621 752 ἀπὸ
671 700 772 752 τοῦ
823 699 993 763 ἠπίως
1043 699 1235 752 ἰᾶσθαι
1285 696 1377 751 καὶ
1423 695 1843 766 ἀναβάλλεσθαι

146 784 249 856 τὴν
299 785 436 841 κατὰ
485 784 584 842 τὸν
635 785 891 841 θάνατον
943 786 1247 856 γινομένην
1303 782 1662 855 άπόσκλησιν.
1748 784 1843 841 διὰ

147 877 311 930 τοῦτο
367 874 474 945 γὰρ
531 873 810 944 δράκοντα
863 872 1012 948 αὐτῷ
1063 875 1420 944 παριστᾶσιν,
1475 874 1842 944 ἐμφαίνοντες

148 961 234 1018 ὅτι
266 961 465 1034 ὅμοιόν
496 984 549 1017 τι
579 962 756 1037 τούτῳ
790 962 1101 1033 πάσχουσιν
1135 965 1193 1016 οί
1216 960 1493 1033 χρώμενοι
1523 965 1588 1034 τῇ
1623 965 1840 1035 ἰατρικῇ

81 1065 125 1097 10
146 1048 285 1107 κατὰ
314 1049 377 1106 τὸ
414 1051 587 1106 οἱονεὶ
619 1048 940 1115 ἀνανεάζειν
972 1051 1031 1104 ἐκ
1061 1052 1173 1104 τῶν
1199 1048 1395 1120 ,νόσων
1422 1049 1515 1104 καὶ
1541 1049 1842 1105 ἐκδύεσθαι

145 1139 207 1194 τὸ
255 1142 452 1209 γῆρας,
500 1136 612 1209 ἅμα
661 1136 715 1192 δ’
761 1139 876 1193 ἐπεὶ
922 1140 1202 1208 προσοχῆς
1249 1134 1278 1192 ὁ
1330 1139 1551 1209 δράκων
1591 1149 1840 1208 σημεῖον,

145 1220 212 1296 ῆς
241 1229 449 1297 πολλῆς
482 1229 570 1281 δεῖ
596 1225 737 1297 πρὸς
770 1246 869 1291 τας
898 1230 1212 1297 θεραπείας.
1273 1225 1365 1280 καὶ
1396 1224 1457 1281 τὸ
1497 1224 1741 1297 βάκτρον
1781 1226 1843 1282 δὲ

145 1314 406 1370 τοιούτου
443 1313 598 1379 τινὸς
637 1318 816 1369 ἔοικεν
848 1311 992 1369 εἶναι
1026 1313 1335 1385 σύμβολον·
1373 1318 1701 1384 παρίσταται
1734 1314 1841 1386 γὰρ

148 1400 221 1457 δι’
266 1400 441 1458 αὐτοῦ
481 1401 589 1474 ὅτι,
631 1406 682 1458 εἰ
720 1403 792 1473 μὴ
833 1402 1059 1467 ταύταις
1095 1413 1215 1467 ταῖς
1254 1404 1526 1466 ἐπινοίαις
1565 1399 1854 1474 έπεστηριέ

84 1503 127 1535 15
154 1490 359 1563 ζόμεθα
400 1489 535 1547 ὅσον
577 1491 663 1546 ἐπὶ
701 1489 762 1546 τὸ
797 1494 1042 1561 συνεχῶς
1073 1493 1151 1554 εἰς
1190 1487 1507 1560 ἀρρωστίαν
1541 1492 1844 1562 ἐμπίπτειν,

145 1575 250 1634 κᾶν
300 1583 510 1634 θᾶττον
560 1582 661 1634 τοῦ
713 1580 942 1643 δέοντος
993 1578 1373 1650 σφαλλόμενοι
1426 1583 1841 1651 κατεπίπτομεν.

145 1667 357 1737 λέγεται
397 1666 459 1722 δὲ
506 1664 534 1722 ὁ
575 1671 793 1738 Χείρων
840 1667 1168 1737 τετροφέναι
1214 1664 1315 1721 τὸν
1358 1664 1688 1737 Ἀσκληπιὸν
1735 1665 1842 1723 κάν

143 1765 259 1819 τοῖς
294 1758 391 1825 τῆς
431 1758 676 1826 ἰατρικῆς
713 1754 1077 1825 θεωρήμασιν
1108 1753 1423 1825 ἠσκηκέναι,
1455 1752 1558 1824 τὴν
1598 1755 1692 1810 διὰ
1730 1759 1843 1812 τῶν

264 1952 303 1990 1,
338 1951 378 1990 2.
412 1941 640 1999 ακρασίας
674 1946 837 2003 PLV1
853 1948 877 1991 b

262 2004 448 2049 XXXII.
482 2009 522 2048 2.
556 2001 663 2048 κατ’
683 1979 954 2049 ἄκόλοιυθον
979 2001 1106 2048 Mlb'
1111 2017 1134 2048 c
1157 2001 1588 2049 κατακόλουθονΝ
1606 2002 1726 2049 κατὰ
1755 2002 1840 2050 τὸν

146 2060 418 2108 ἀκόλουθον
444 2063 490 2106 Ρ
508 2089 563 2095 -
597 2069 636 2109 5.
668 2080 838 2134 τουτῳ
851 2064 912 2120 τῷ
947 2060 1074 2120 τόπῳ
1107 2076 1131 2106 c
1160 2061 1330 2106 τούτου
1350 2064 1424 2134 τῷ
1457 2060 1583 2122 τόπῳ
1613 2065 1707 2108 αΝ
1731 2062 1840 2109 τού-

147 2138 230 2166 του
261 2122 324 2180 τῷ
356 2119 497 2180 πόθῳ
523 2121 566 2165 G
595 2118 746 2179 τούτῳ
777 2122 840 2180 τῷ
866 2109 1006 2179 πόθῳ
1030 2121 1144 2178 BV3
1173 2146 1228 2152 —
1262 2128 1302 2165 6.
1335 2118 1484 2177 ἠπίως
1508 2110 1676 2166 ἰᾶσθαι
1701 2123 1843 2181 Lany

149 2167 358 2224 ἐτῶσθαι
382 2181 503 2223 αΝο
528 2180 612 2236 (N2
640 2181 843 2224 deletum
868 2167 1019 2224 volu¹it
1044 2154 1144 2235 ἐτ.3)
1160 2176 1416 2251 ε’σκλῆσθαι
1433 2178 1473 2224 b'
1476 2181 1542 2238 N,
1578 2207 1630 2212 —
1655 2184 1695 2226 8.
1723 2196 1842 2252 παρ-

150 2239 335 2283 ιστῶσιν
363 2238 400 2281 O
424 2264 479 2270 —
496 2212 865 2310 [ἐμφαίνοντες]
893 2239 935 2282 L
954 2239 1007 2312 V1
1025 2240 1083 2282 bc
1107 2263 1161 2270 —
1193 2243 1262 2282 1.Ο
1295 2234 1451 2296 αναν,]
1486 2213 1772 2295 ἀναγκάζειν
1797 2237 1838 2284 α’

150 2323 206 2331 —
251 2302 317 2341 14.
360 2293 452 2354 ὅτι]
490 2293 591 2340 ὄντι
623 2298 639 2340 Ζ
670 2323 724 2328 -
761 2294 1118 2342 14.15.έπεστ.
1161 2291 1271 2340 ὅσον
1313 2293 1390 2340 ἐπὶ
1427 2298 1489 2354 τῷ
1532 2300 1735 2355 συνεχῶς
1774 2297 1842 2349 εἰς

150 2351 412 2413 αρρωστιάν
446 2352 550 2412 ἐμπ.
584 2373 626 2401 κ.
658 2358 710 2399 θ.
741 2372 779 2401 τ.
813 2357 853 2400 δ.
888 2371 965 2411 σφ.
1002 2358 1348 2412 κατεπίπτομεν
1380 2358 1763 2427 (καταπίπτωμεν
1791 2357 1849 2401 Ν

148 2416 506 2472 κατεπίπτωμεν
536 2415 595 2470 L)
614 2414 704 2457 αΝ
732 2411 883 2459 ἐπεστ.
918 2430 1069 2471 συνεχ.
1105 2415 1185 2471 (τῷ
1219 2430 1256 2458 σ.
1288 2415 1376 2472 Ν2)
1411 2414 1477 2465 εἰς
1508 2412 1609 2470 ἆρρ.
1645 2431 1680 2461 ε.
1714 2433 1754 2462 κ.
1787 2419 1839 2460 θ.

147 2490 186 2517 τ.
213 2475 252 2517 δ.
280 2488 359 2529 σφ.
386 2475 744 2529 κατεπίπτωμεν
772 2473 907 2529 (illud
941 2489 960 2517 ε
987 2474 1073 2518 i.1.
1101 2487 1177 2527 er„
1209 2473 1282 2517 cui
1306 2474 1465 2517 subest
1490 2490 1520 2516 α
1542 2475 1608 2529 B;
1642 2490 1840 2519 καταπι-

145 2563 323 2660 πτὲῠμεν
359 2589 402 2633 G
432 2604 795 2662 καταπιπτωμεν
827 2590 882 2634 N
877 2593 914 2648 2)
939 2590 1005 2648 Ν2
1020 2588 1057 2635 b'
1102 2586 1499 2660 ἕπιστηριξόμεθα
1533 2587 1610 2635 ε’πὶ
1647 2587 1699 2634 τὸ
1735 2605 1840 2635 συν-

147 2649 252 2706 εχὲς
283 2643 344 2692 ἂν
376 2647 443 2699 εἰς
474 2663 711 2704 αρρωστον
743 2649 923 2692 θᾶττον
955 2650 1037 2693 τοῦ
1072 2647 1261 2698 δέοντος
1302 2645 1527 2719 σφαλλόμ.
1561 2650 1840 2693 κατεπίπτο-

146 2723 233 2765 μεν
264 2721 289 2752 c
319 2732 374 2740 —
419 2712 485 2751 17.
519 2730 549 2736 —
582 2712 659 2761 72,
692 2712 732 2751 2.
769 2707 1050 2763 τετροφέναι
1084 2725 1140 2764 τη
1146 2723 1173 2750 ν
1210 2703 1312 2764 [τὸν
1350 2703 1611 2763 ἆσκληπιόν
1643 2734 1698 2740 —
1734 2710 1840 2767 βου-

146 2766 267 2825 λομ.]
299 2766 459 2824 Ν1-
496 2770 560 2810 18.
597 2742 714 2838 [τῆς]
749 2764 959 2820 ἰατρικῆς
991 2767 1058 2823 Ν2
1102 2766 1180 2834 [τ.]
1223 2764 1445 2820 ἰατρικοῖς
1478 2766 1520 2809 G
1550 2783 1587 2810 τ.
1631 2765 1840 2822 ἰατρικῆς

146 2825 314 2870 lacuna
348 2825 487 2869 Μ-
518 2821 777 2880 ἠσκηκέναι
807 2821 891 2881 τὴν
923 2822 1003 2868 διὰ
1038 2798 1176 2880 (Ξκατά
1204 2825 1263 2868 M
1274 2824 1350 2882 V2)
1383 2825 1475 2868 τῶν
1507 2825 1674 2881 χειρῶν
1707 2823 1840 2882 ἐνέρ-
