1998 3088
186 117 256 169 60
837 116 1208 160 KOPNOTTOT

184 234 419 306 κομιδὴν
459 239 558 290 τοῦ
598 237 814 304 καρποῦ
853 234 943 288 καὶ
983 232 1171 298 ἄλλοις
1202 232 1477 298 τοιούτοις
1509 230 1783 304 ὀργάνοις.
1835 229 1867 288 6

187 323 247 378 δὲ
286 323 501 395 θύρσος
540 324 794 393 ἐμφαίνει
827 321 888 378 τὸ
922 320 994 392 μὴ
1028 319 1321 391 ἀρκεῖσθαι
1352 332 1467 387 τοῖς
1499 322 1712 376 ἑαυτῶν
1737 319 1869 376 ποσὶ

185 409 314 475 τοὺς
356 409 534 465 πολὺν
582 408 739 465 οἶνον
786 414 1073 479 πίνοντας,
1122 412 1232 463 τών
1281 407 1332 463 δ’
1376 407 1869 480 ὑποστηριούντων

1950 0 1993 249 {2

187 497 387 564 αὐτοὺς
427 502 662 553 δεῖσθαι.
739 496 884 561 τινὲς
931 497 991 552 δὲ
1037 499 1147 552 τῶν
1194 496 1428 567 θύρσων
1475 498 1566 551 καὶ
1614 499 1871 568 ἐπιδορα-
1952 543 1993 566 ‚.

142 605 161 637 5
185 591 339 652 τίδας
368 588 745 657 κρυπτομένας
776 583 882 640 ὑπὸ
914 596 1029 649 τοῖς
1066 586 1299 654 φύλλοις
1331 589 1554 655 ἔχουσιν
1593 582 1745 639 ὦσαν
1778 584 1870 638 καὶ

186 673 546 745 ὀδυνηφόρου
585 672 739 737 τινὸς
777 670 897 727 ἔσθ’
936 671 1025 728 ὅτε
1063 674 1447 743 κρυπτομένου
1481 675 1547 744 τῇ
1587 671 1734 741 παρὰ
1768 671 1872 742 τὴν

185 767 531 818 πολυποσίαν
564 761 846 833 ἱλαρότητι
885 765 962 826 εἰς
990 759 1180 832 ὕβρεις
1212 763 1379 816 ἐνίων
1420 761 1511 816 καὶ
1549 759 1874 831 παρακοπὰς
1916 811 1922 817 .
1987 826 1995 831 1

187 849 589 921 ἐμπιπτόντων,
614 848 712 919 ἀφ’
737 842 806 904 οὗ
831 849 898 919 δὴ
926 848 1193 920 μαινόλης
1218 870 1274 903 τε
1299 846 1328 903 6
1351 848 1635 914 Διόνυσος
1659 847 1869 918 ἐκλήθη

185 939 275 992 καὶ
315 938 604 1002 Μαινάδες
651 940 711 991 αἱ
753 937 877 1007 περὶ
917 935 1088 992 αὐτὸν
1129 947 1399 1006 γυναῖκες.
1477 935 1764 1002 πλάττεται
1809 935 1871 991 δὲ

120 1043 162 1075 10
185 1027 276 1081 καὶ
316 1027 440 1091 νέος
484 1027 575 1080 καὶ
620 1024 927 1097 πρεσβύτης
967 1023 1059 1079 διὰ
1097 1023 1158 1079 τὸ
1198 1025 1342 1096 πάσῃ
1390 1021 1576 1097 ἡλικίᾳ
1623 1023 1871 1095 πρόσφο,

187 1137 281 1186 ρος
321 1113 488 1182 εἶναι,
528 1117 638 1168 τῶν
679 1112 778 1183 μὲν
819 1113 963 1167 νέων
996 1111 1336 1183 λαβρότερον
1370 1110 1518 1185 αὐτῷ
1551 1111 1872 1183 χρωμένων,

184 1205 295 1256 τῶν
344 1201 405 1256 δὲ
451 1201 837 1271 πρεσβυτέρων
884 1199 1062 1271 ἥδιον.
1145 1203 1203 1255 oc
1247 1199 1308 1254 δὲ
1355 1199 1604 1270 Σάτυροι
1653 1215 1871 1271 παρεισ-

186 1289 416 1359 άγονται
454 1299 572 1353 ταῖς
610 1287 855 1359 νύμφαις
895 1286 1314 1358 ἐπιμιγνύμενοι
1353 1287 1444 1342 καὶ
1483 1285 1578 1352 τὰς
1616 1286 1720 1358 μὲν
1758 1307 1871 1342 πει»

187 1380 405 1448 ρῶντες,
443 1375 539 1440 τὰς
579 1375 639 1431 δὲ
678 1375 810 1446 μετὰ
855 1378 1081 1440 παιδιᾶς
1119 1375 1434 1446 βιαζόμενοι
1473 1378 1546 1450 τῷ
1589 1373 1691 1446 τὴν
1735 1373 1874 1447 πρὸς

118 1479 160 1510 15
184 1462 245 1519 τὸ
279 1462 432 1534 ὕδωρ
464 1467 663 1533 κρᾶσιν
694 1467 795 1518 τοῦ
828 1470 989 1518 οἴνου
1028 1469 1331 1534 συνῶφθαι
1370 1468 1646 1534 χρησίμην
1680 1461 1873 1518 οὖσαν.

182 1549 276 1615 τὰς
310 1550 370 1605 δὲ
401 1550 700 1620 παρδάλεις
730 1548 1166 1619 ὑποζευγνύουσι
1199 1544 1272 1624 τῷ
1307 1550 1575 1625 Διονύσῳ
1606 1552 1699 1606 καὶ
1735 1571 1872 1621 παρ-

183 1637 605 1701 ακολουθούσας
654 1637 977 1707 εἰσάγουσιν
1027 1637 1148 1708 ’ἤτοι
1205 1636 1298 1693 διὰ
1352 1637 1414 1693 τὸ
1468 1644 1722 1695 ποικίλον
1777 1644 1874 1710 τῆς

182 1730 399 1796 χροιᾶς,
456 1724 529 1790 ὡς
574 1726 665 1780 καὶ
711 1729 943 1796 νεβρίδα
989 1723 1157 1790 αὐτός
1209 1748 1265 1781 τε
1315 1730 1605 1797 περιῆπται
1660 1727 1752 1782 καὶ
1814 1729 1874 1782 αἱ

182 1813 417 1883 Βάκχαι,
466 1811 498 1885 ἢ
538 1812 611 1878 ὡς
649 1815 740 1868 καὶ
779 1812 844 1869 τὰ
888 1813 1199 1886 ἀγριώτατα
1246 1812 1362 1885 ἤθη
1409 1818 1506 1885 τῆς
1556 1816 1873 1886 συμμέτρου

116 1918 158 1949 20
184 1901 460 1965 οἰνώσεως
499 1901 880 1973 ἐξημερούσης.
955 1901 1055 1957 τὸν
1106 1902 1166 1957 δὲ
1211 1902 1419 1972 τράγον
1465 1901 1613 1978 αὐτῷ
1661 1903 1872 1959 θύουσι

184 1988 275 2043 διὰ
314 1988 376 2043 τὸ
416 1988 753 2059 λυμαντικὸν
794 1993 980 2044 δοκεῖν
1019 1993 1132 2045 τῶν
1172 1988 1429 2061 ἀμπέλων
1475 1992 1567 2045 καὶ
1614 1995 1725 2047 τῶν
1775 2008 1870 2047 συ-

181 2079 298 2129 κῶν
338 2074 480 2130 εἶναι
519 2080 681 2131 τοῦτο
722 2076 782 2131 τὸ
823 2081 986 2151 ζῷον,
1025 2077 1170 2132 καθὸ
1210 2079 1300 2132 καὶ
1341 2079 1656 2150 ἐκδέροντες
1695 2078 1870 2135 αὐτὸν

185 2165 261 2226 εἰς
299 2163 398 2217 τὸν
435 2161 610 2217 άσκόν
651 2163 977 2219 ἐνάλλονται
1015 2164 1151 2219 κατὰ
1184 2164 1280 2230 τὰς
1313 2163 1553 2230 Ἀττικάς
1590 2165 1776 2237 κώμας
1816 2169 1876 2221 οὗ

185 2251 419 2320 γεωργοὶ
455 2254 748 2305 νεανίσκοι.
802 2250 936 2321 τάχα
971 2251 1031 2306 δὲ
1068 2249 1139 2307 ἄν
1177 2258 1361 2323 χαίροι
1393 2254 1626 2329 τοιούτω
1659 2254 1870 2325 θύματι

119 2334 214 2392 256
256 2337 540 2403 Διόνυσος
579 2336 671 2392 δια
719 2336 779 2392 τὸ
830 2337 1114 2408 ὀχευτικὸν
1155 2339 1297 2395 εἶναι
1344 2340 1442 2396 τὸν
1488 2341 1720 2414 τράγον,
1768 2340 1865 2414 ἀφ’

183 2438 296 2485 Xen.
315 2440 434 2485 Hell.
454 2445 496 2495 3,
522 2443 593 2496 12)
620 2437 777 2484 αὐτῶν
802 2442 864 2485 ab
890 2437 1036 2486 αὐτοῦ
1060 2443 1127 2500 Ν
1142 2457 1164 2486 e
1189 2469 1243 2475 —
1272 2459 1315 2500 p.
1342 2449 1412 2500 59,
1438 2449 1507 2488 24.
1534 2441 1681 2503 παρα]
1707 2445 1815 2501 περὶ
1841 2461 1871 2490 a

185 2523 238 2530 —
273 2503 312 2541 3.
346 2475 745 2553 ὖποστηριζόντων
780 2499 850 2544 Os.
877 2501 941 2543 ed.
979 2527 1028 2532 —
1064 2506 1104 2545 5.
1136 2498 1228 2545 ὑπὸ
1263 2503 1354 2545 τῶν
1388 2480 1574 2556 φύλλων
1602 2504 1709 2561 LV
1726 2505 1786 2548 bc
1809 2529 1865 2537 —-

185 2553 245 2606 ὡς
276 2550 335 2599 ἂν
368 2554 408 2600 α’
423 2557 477 2613 V²
514 2554 575 2607 ὡς
607 2559 689 2602 lbc
727 2584 781 2591 -—
819 2563 857 2602 6.
890 2555 1308 2630 ὑποκρυπτομένου
1342 2576 1370 2605 α
1372 2559 1448 2618 'V2
1489 2589 1539 2595 —
1584 2567 1622 2606 7.
1656 2566 1696 2607 8.
1739 2559 1866 2605 ἐκπι-

183 2611 393 2658 πτὸντων
421 2616 491 2658 Os.
518 2617 583 2660 ed.
618 2642 669 2648 —-
706 2621 744 2660 8.
772 2614 1004 2688 μαινώλης
1035 2634 1083 2662 τε
1118 2615 1142 2662 ὁ
1177 2620 1217 2666 δ.
1244 2617 1284 2663 α’
1299 2620 1354 2677 V2
1390 2593 1613 2693 μαινόλης
1645 2616 1802 2675 (-ώλης
1835 2622 1868 2675 l)

184 2688 231 2716 τε
258 2669 380 2716 καὶ
362 2689 386 2716 ο
413 2675 452 2717 δ
487 2675 536 2718 lb
569 2675 648 2718 καὶ
680 2671 902 2731 μαινόλης
927 2672 951 2719 6
978 2678 1017 2720 δ.
1044 2691 1067 2721 c
1091 2701 1146 2709 -
1175 2682 1242 2721 13.
1270 2678 1390 2748 [καὶ]
1423 2674 1508 2728 τὰς
1538 2677 1624 2747 μὲν
1649 2695 1695 2722 π.
1721 2678 1866 2722 Schm.

185 2756 238 2762 —
267 2736 333 2776 15.
366 2733 617 2803 συνῶφθαι
640 2733 776 2791 Lany
807 2734 1052 2806 συνῆφθαι
1081 2735 1117 2779 O
1144 2760 1197 2767 —-
1225 2741 1293 2805 16.
1326 2731 1671 2791 ὑποζευγνύασι
1699 2737 1771 2781 Os
1799 2739 1865 2782 ed.

186 2813 239 2821 -—
276 2795 343 2834 18.
378 2786 520 2841 αὐτὸς
552 2791 642 2849 [τε]
676 2806 697 2836 c
730 2818 781 2823 —
820 2798 885 2837 19.
921 2789 948 2849 ἢ
984 2790 1044 2844 ὡς
1078 2794 1196 2851 [καὶ]
1231 2791 1272 2838 α’
1301 2821 1350 2826 -
1388 2799 1457 2838 24.
1490 2795 1627 2852 χαίρῃ
1660 2797 1709 2839 lb
