1998 3088
1823 0 1833 42 s

1822 43 1826 97 J}

162 131 236 183 40
818 124 1191 168 KOPNOTTOT

169 247 548 316 ἐξεληλακέναι
579 244 670 299 καὶ
709 242 1046 315 ἀνῃρηκέναι
1078 237 1279 304 αὐτοὺς
1310 236 1384 303 ὥς
1421 237 1722 302 τοσούτους
1753 235 1840 304 δὸ-

163 346 303 389 κεῖν·
351 331 563 388 ἀλλοῖοι
603 330 708 401 γὰρ
745 327 910 384 αὐτοί
941 325 988 383 τ’
1033 330 1091 383 ἐκ
1129 329 1433 398 μεταβολῆς
1465 327 1722 396 ἐγένοντο
1754 324 1843 382 καὶ

166 425 225 476 οἱ
259 420 544 491 γεγονότες
584 420 637 485 ἐξ
677 416 862 473 αὐτῶν
894 415 1363 487 συμπολισθέντες
1401 412 1507 469 ὑπὸ
1548 417 1644 484 τῆς
1675 418 1842 469 Πολι-

168 508 305 574 άδος
338 506 590 578 Ἀθηνᾶς.

121 616 142 647 5
277 616 318 651 e.
359 599 444 651 21.
497 594 689 650 ’Ἁλλοι
730 592 790 648 δὲ
829 592 954 663 περὶ
991 590 1057 647 τὰ
1097 590 1363 662 πολεμικὰ
1404 589 1844 663 ἀναστρέφονται

168 684 293 737 θεοὶ
332 680 527 753 μηκέθ’
572 679 777 753 ὁμοίως
814 683 914 735 τοῦ
954 677 1264 745 εὐσταθοῦς
1300 678 1393 734 καὶ
1430 681 1532 734 τοῦ
1577 677 1714 733 κατὰ
1753 676 1845 732 λό-

172 791 274 839 γον
307 769 720 841 στοχαζόμενοι,
752 769 1224 838 ταραχωδέστεροι
1258 769 1324 823 δέ
1342 787 1481 836 πως,
1514 764 1546 822 ὅ
1576 787 1634 821 τε
1658 764 1845 835 ’Ἀρης

167 860 259 912 καὶ
298 856 331 927 ἡ
366 856 587 913 Ἐνυώ·
627 858 718 912 καὶ
756 855 987 921 τούτους
1021 853 1072 910 δ’
1103 858 1322 926 εἰσῆγεν
1354 858 1430 919 εἰς
1462 853 1526 909 τὰ
1558 853 1845 926 πράγματα

168 944 198 1001 ὁ
241 945 379 1010 Ζεὺς
418 947 672 1015 ἐρεθίσας
710 942 826 998 κατ’
863 942 1117 1013 ἀλλήλων
1156 942 1224 998 τὰ
1264 945 1372 1017 ζῷα
1411 943 1504 997 καὶ
1544 940 1646 997 οὐκ
1683 941 1846 1013 ἄχρη-

102 1053 146 1085 10
168 1050 302 1089 στον
347 1031 478 1088 οὐδὲ
522 1043 636 1097 τοῖς
682 1030 1004 1102 ἀνθρώποις
1044 1028 1165 1086 ἔσθ’
1210 1029 1353 1087 ὅπου
1398 1029 1501 1102 τὴν
1543 1029 1616 1085 δι’
1661 1028 1846 1085 ὅπλων

169 1120 445 1192 διάκρισιν
486 1119 762 1190 ἐμβαλών,
810 1121 905 1174 ἵνα
942 1140 1000 1174 τε
1040 1117 1102 1174 τὸ
1143 1129 1407 1189 γενναῖον
1452 1118 1544 1173 καὶ
1583 1115 1846 1187 ἀνδρεῖον

167 1206 332 1263 αὐτοί
366 1213 466 1277 [τε]
511 1209 570 1263 ἐν
617 1209 833 1272 ἑαυτοῖς
870 1210 967 1262 καί
999 1228 1061 1277 γε
1101 1203 1183 1262 ἐπ’
1227 1203 1501 1276 ἀλλήλους
1537 1204 1599 1261 τὸ
1643 1208 1848 1260 οἰκεῖον

167 1298 263 1366 τῆς
293 1295 517 1367 εἰρήνης
554 1298 612 1351 εὖ
645 1294 987 1366 ἅσμενίζωσι.
1044 1292 1137 1348 διὰ
1165 1292 1371 1364 ταύτην
1395 1293 1498 1364 μὲν
1530 1286 1634 1348 οὖν
1665 1297 1849 1349 αἰτίαν

172 1381 314 1447 Διὸς
336 1382 457 1448 υἱὸς
480 1383 571 1437 καὶ
597 1380 625 1437 ὁ
645 1381 813 1454 ’Ἄρης
835 1383 1207 1452 παραδέδοται
1236 1379 1326 1449 [οὐ
1350 1379 1467 1435 κατ’
1489 1379 1662 1436 ἄλλον
1678 1380 1849 1451 λόγον

102 1491 147 1523 15
174 1466 208 1539 ἢ
232 1469 324 1524 καὶ
348 1467 741 1541 ὀβριμοπάτρις
759 1468 792 1540 ἡ
813 1468 1069 1539 Ἀθηνᾶ]·
1093 1469 1221 1541 περὶι
1237 1468 1298 1524 δὲ
1314 1473 1410 1539 τῆς
1430 1467 1661 1533 Ἐνυοῦς
1677 1469 1852 1540 οἱμὲν

170 1557 245 1624 ὥς
269 1557 497 1630 μητρός,
538 1561 595 1613 οἱ
623 1556 674 1612 δ’
703 1555 778 1622 ὡς
800 1556 1102 1628 θυγατρός,
1135 1559 1194 1612 οἱ
1222 1554 1274 1611 δ’
1311 1555 1385 1622 ὡς
1413 1560 1627 1629 τροφοῦ
1643 1555 1853 1628 ’Ἄρεως

173 1647 552 1717 διαφέρονται,
578 1647 943 1716 διαφέροντος
960 1643 1152 1700 οὐδὲν·
1174 1642 1350 1700 Ἐνυώ
1370 1644 1475 1717 γάρ
1501 1647 1650 1700 ἐστιν
1675 1642 1708 1716 ἡ
1743 1647 1852 1700 ε’νι-

170 1745 291 1789 εἴσα
306 1732 497 1804 θυμὸν
519 1734 610 1788 καὶ
628 1731 801 1803 ἀλκὴν
818 1744 934 1798 τοῖς
957 1733 1288 1804 μαχομένοις
1310 1729 1478 1803 ἢκατ’
1497 1730 1853 1804 εὐφημισμὸν

171 1819 278 1877 ἀπὸ
296 1824 396 1877 τοῦ
419 1822 612 1892 ἥκιστα
637 1819 802 1891 ἐνηὴς
824 1821 915 1875 καὶ
941 1819 1177 1891 ἐπιεικὴς
1202 1818 1346 1876 εἶναι
1371 1818 1780 1891 <ὥνόμασται>.
1820 1819 1850 1876 ὁ

105 1927 147 1960 20
173 1907 223 1965 δ’
251 1907 420 1981 ’Ἁρης
458 1908 561 1979 τὴν
597 1905 905 1979 ὀνομασίαν
938 1913 1094 1981 ἔσχεν
1134 1906 1241 1963 ἀπὸ
1281 1911 1382 1964 τοῦ
1414 1911 1593 1980 αιρεῖν
1625 1910 1716 1964 καὶ
1755 1931 1853 1963 αν-

294 2017 332 2054 1.
366 2016 406 2054 2.
439 2007 501 2061 ὦς
533 2007 594 2066 μὴ
626 2007 869 2061 τοιούτους
899 2013 940 2054 ὃ
967 2006 1034 2056 bc
1065 2026 1178 2055 ωστε
1211 2008 1453 2061 τοιούτους
1484 2007 1545 2067 μὴ
1579 2013 1678 2056 δοκ
1701 2011 1775 2070 Ν2
1798 2037 1854 2044 -

177 2074 215 2113 3.
252 2067 647 2124 συμπολισθέντες
679 2067 795 2112 εἰσὶν
830 2069 902 2113 08.
936 2070 1001 2115 ed.
1034 2070 1333 2140 (συμποδισθ.
1369 2068 1485 2114 εἰσὶν
1517 2072 1558 2126 c)

290 2126 410 2170 XXI.
451 2132 490 2171 9.
530 2127 611 2171 καὶ
650 2122 737 2170 οὐκ
769 2153 824 2159 -
860 2133 927 2171 11.
943 2125 1196 2199 εμξαλών]
1238 2124 1326 2171 οὐκ
1367 2124 1600 2199 ἄχρηστον
1630 2125 1682 2174 δε
1715 2128 1854 2172 τοῦτο

174 2180 287 2228 οὐδὲ
320 2190 416 2234 τοῖς
447 2181 732 2239 ἀνθρώποις.
776 2183 871 2229 ἔστι
901 2182 990 2241 γὰρ
1023 2201 1098 2230 οτε
1131 2202 1217 2241 την
1248 2182 1396 2262 ([τὴν]
1417 2186 1499 2241 W)
1532 2182 1600 2229 δι’
1627 2181 1782 2230 οπλων
1809 2188 1850 2230 ὃ.

176 2239 391 2312 ἐμβάλλει
424 2245 461 2298 (-
466 2259 510 2286 οι
535 2243 658 2297 W)c
682 2268 736 2275 -—
773 2248 840 2288 11.
874 2240 1095 2313 ἐνέβαλεν
1118 2244 1186 2301 Ν2
1202 2241 1239 2288 b‘
1261 2269 1315 2276 -
1341 2244 1421 2288 ἵνα
1447 2245 1537 2302 [τε]
1570 2244 1717 2289 Schm.
1743 2258 1766 2289 c
1798 2271 1851 2277 —-

179 2306 246 2347 12.
280 2297 418 2344 αὐτοί
445 2316 492 2344 τε
523 2301 559 2343 O
584 2325 638 2332 —
674 2306 741 2345 13.
777 2295 829 2345 εὖ
862 2299 1136 2358 ἀσμενίζωσι
1160 2302 1300 2373 Lange
1330 2299 1662 2360 ευασμενίζωσι
1689 2303 1760 2348 Os.
1787 2305 1853 2348 ed.

176 2356 505 2415 ἔνασμενίζωσι
544 2358 656 2415 αΝ2
679 2356 718 2402 b'
765 2356 1113 2432 ἕνασμενίζουσι
1150 2361 1203 2405 Ν
1248 2357 1522 2433 ευμενίζωσι
1560 2375 1584 2406 c
1622 2388 1677 2393 —
1725 2356 1854 2433 [οὖν]

175 2417 287 2460 Lbc
310 2441 363 2449 —
394 2390 668 2487 14.15.[013
695 2434 735 2460 κ.
762 2433 805 2461 α.
831 2421 867 2462 λ.
895 2443 947 2450 -
973 2415 1137 2489 dem&
1183 2432 1206 2463 c
1230 2444 1283 2452 --
1315 2416 1371 2463 οὗ
1403 2415 1511 2463 κατ’
1538 2416 1678 2463 αλλον
1715 2417 1856 2492 λόγον

175 2475 310 2544 Lany
326 2470 435 2546 [οὗ]
460 2470 566 2518 κατ’
594 2477 732 2519 αλλον
755 2473 893 2546 λόγον
920 2477 981 2519 Μ
996 2477 1039 2519 V
1082 2473 1136 2521 οὗ
1184 2473 1290 2520 κατ’
1317 2474 1457 2521 “nov
1481 2475 1655 2533 τρόπον
1684 2478 1728 2521 P
1754 2475 1852 2551 [οὗ]

175 2527 280 2575 κατ’
315 2535 454 2576 αλλον
485 2533 590 2576 LN
624 2530 679 2576 οὗ
713 2529 816 2576 κατ’
850 2530 988 2578 ἄλλον
1069 2567 1086 2591 2
1132 2531 1187 2578 οὔ
1227 2532 1347 2579 κατὰ
1386 2533 1525 2579 ἄλλον
1565 2536 1607 2580 G
1647 2532 1703 2580 οὖ
1743 2553 1830 2580 ’κατ

177 2630 288 2677 ἄλλο
312 2634 358 2676 Β
383 2634 455 2678 08.
483 2635 547 2678 ed.
575 2660 628 2667 —
657 2639 723 2678 15.
756 2631 1087 2691 ὄβριμοπάτρις
1120 2639 1154 2691 (·
1158 2653 1200 2688 ις
1226 2636 1360 2690 MV,
1396 2633 1761 2692 ὀμβριμοπάτρις
1783 2638 1850 2697 Ν1

177 2691 238 2746 L)
258 2691 414 2735 bMV
441 2688 778 2762 ὄβριμοπατρία
807 2693 851 2735 Ρ
873 2718 927 2725 —
957 2699 1023 2738 16.
1059 2691 1158 2752 [ὥς]
1190 2691 1358 2751 μητρός
1385 2695 1456 2739 08.
1483 2696 1547 2738 ed.
1576 2721 1628 2727 —-
1658 2701 1725 2740 17.
1753 2698 1855 2740 δια-

177 2749 454 2822 φέροντος-α
485 2750 538 2808 V2
588 2750 895 2806 διαφέροντες
925 2753 1008 2796 zbc
1048 2778 1101 2783 —
1146 2758 1211 2798 19.
1254 2751 1376 2797 εἶναι
1415 2749 1680 2823 ὠνόμασται
1718 2756 1856 2812 Lanq

178 2805 300 2852 εἶναι
334 2808 425 2866 [ω.]
462 2808 498 2852 O
530 2834 584 2841 —
617 2814 685 2853 20.
723 2811 875 2864 αἴρειν
909 2810 981 2855 08.
1007 2812 1073 2856 ed.
1108 2836 1161 2843 —
1195 2808 1288 2855 ἀπὸ
1321 2811 1403 2855 τοῦ
1436 2806 1525 2867 αρή
1551 2826 1581 2856 a

1941 0 1979 244 ᾖ

1932 233 1964 275 0³
1977 245 1979 252 ¹
