1998 3088
167 142 267 181 xlv
690 125 962 172 CODICUM
990 127 1319 176 RECENSUS.

168 244 511 313 ἐγεννήθησαν
552 245 634 298 διὰ
672 253 757 313 τῆς
795 254 1009 314 Λητοῦς.
1086 246 1238 317 Λητὼ
1286 247 1378 317 γὰρ
1423 248 1513 317 τὴν
1559 250 1712 303 νύκτα
1751 250 1860 306 ὀνο-

168 318 374 385 μᾶζουσι
411 318 532 371 κατὰ
572 319 833 387 μετάθεσιν
871 327 956 374 τοῦ
996 324 1170 416 δασέος
1208 329 1246 373 θ
1277 326 1345 384 εἰς
1374 321 1427 375 τὸ
1459 323 1610 390 ψιλὸν
1641 323 1794 378 αυτοῦ
1817 346 1858 392 τ,

166 391 299 460 λη’θη
331 415 400 455 τις
433 387 577 446 οὖσα·
604 395 656 445 ἕν
679 396 771 462 γὰρ
801 400 859 464 τῇ
889 397 1029 448 νυκτὶ
1051 394 1412 463 καθευὸόμενοι
1437 393 1556 468 (sic)
1581 397 1859 451 λανθάνον·

167 489 244 518 ται
275 465 430 518 πάνθ’
469 470 519 519 οἱ
546 465 820 534 ἅνθρωποι.
882 474 938 537 τῇ
979 469 1033 521 δὲ
1055 468 1190 540 ’Ἡρα
1222 471 1474 538 συμμιγεὶς
1505 473 1661 523 ἔτεκεν
1684 472 1857 566 ’'Aoeoc·

150 538 315 608 ’Ήραν
356 540 409 591 δὲ
448 538 534 592 τὸν
574 537 694 606 ἀέρα
733 546 967 593 καλοῦσιν
1006 545 1058 595 οἵ
1091 547 1304 596 παλαιοί.
1382 545 1507 595 ε’τεκε
1554 545 1608 596 δὲ
1652 547 1735 597 καὶ
1772 544 1858 598 τὸν

164 612 415 666 Διόνυσον
447 615 499 665 ἐκ
523 620 610 666 τοῦ
634 617 768 667 ἰδίου
794 618 953 682 μηροῦ
979 617 1332 684 ἑπταμηνιαῖον
1355 638 1488 686 παρα
1509 623 1595 684 τῆς
1617 620 1856 686 Σεμέλης

164 688 245 739 καὶ
278 686 503 754 Ἀθηνᾶν
550 689 603 739 ἐκ
649 694 734 755 τῆς
771 694 989 756 κεφαλῆς
1027 688 1181 743 αὐτοῦ
1230 687 1405 761 (αυτοῦ
1447 688 1580 761 Os),
1628 691 1855 759 δηλονότι

162 758 251 828 τὴν
289 766 473 830 γνῶσιν
511 762 594 812 καὶ
631 760 723 829 τὴν
755 761 1025 853 φρόνησιν·
1062 761 1139 816 διὸ
1171 766 1255 816 καὶ
1283 762 1435 831 Τριτῶ
1460 762 1616 832 αὐτὴν
1639 763 1666 817 ‘r‘
1690 764 1856 828 Ἀτθὶς

163 833 410 897 διάλεκτος
434 833 670 902 ὄνομαζει.
696 834 836 904 τριτώ
861 858 953 905 γαρ
977 835 1066 904 τὴν
1090 836 1313 905 κεφαλήν
1336 855 1489 904 φασιν
1513 841 1564 890 οἷ
1578 837 1852 906 Ἀθηναῖοι.

161 911 386 962 Insunt
372 929 425 960 1n
456 914 548 960 hoc
580 914 743 961 codice
767 918 968 975 praeter
1007 915 1106 962 alia
1141 916 1304 963 multa
1335 916 1485 963 etiam
1515 915 1852 979 Palaephatus

162 988 214 1034 et
252 987 312 1035 de
351 987 608 1035 duodecim
646 987 877 1035 Herculis
917 988 1172 1037 laboribus
1212 991 1472 1037 tractatus.

314 1062 396 1108 10.
450 1061 813 1122 Neapolitanus
874 1063 975 1110 139
1033 1057 1108 1127 (II
1154 1063 1202 1109 E
1250 1057 1327 1128 4),
1384 1062 1517 1123 apud
1569 1062 1852 1112 Fabricium

161 1127 305 1199 (bibl.
348 1133 432 1182 Gr.
471 1137 589 1182 tom.
630 1134 675 1180 V
714 1153 760 1196 p.
805 1138 933 1200 777)
973 1135 1061 1184 Nr.
1091 1137 1158 1184 52
1200 1139 1428 1197 notatus·
1466 1135 1599 1184 XIV.
1625 1138 1851 1186 exeuntis

158 1209 238 1256 vel
284 1208 391 1256 XV.
437 1208 654 1256 ineuntis
700 1210 832 1256 teste
878 1208 1138 1269 Fornario,
1199 1209 1532 1258 bibliothecae
1584 1210 1851 1259 nationalis

160 1297 287 1343 quae
334 1283 412 1329 est
457 1282 669 1343 Neapoli
718 1281 991 1343 praefecto,
1047 1282 1132 1344 qui
1178 1298 1208 1330 a
1253 1299 1333 1330 me
1379 1286 1585 1345 rogatus
1633 1283 1850 1332 codicem

157 1354 473 1404 examinavit.
551 1356 818 1404 Artissime
859 1357 1092 1404 cohaeret
1130 1372 1241 1404 cum
1279 1358 1344 1407 N.

311 1432 395 1479 11.
441 1428 664 1477 Venetus
712 1429 992 1477 Marcianus
1039 1431 1169 1490 490,
1226 1431 1410 1478 saeculi
1463 1430 1596 1479 XIV.
1645 1434 1696 1480 et
1741 1431 1851 1481 XV.

155 1505 286 1551 teste
318 1502 536 1562 Veludo,
568 1503 850 1551 Marcianae
883 1503 1216 1552 bibliothecae
1243 1504 1520 1566 praefecto,
1518 1510 1528 1518 ⁶
1561 1506 1646 1566 qui
1679 1521 1847 1554 omnes

154 1575 374 1625 Venetos
408 1575 618 1625 Cornuti
658 1577 795 1624 codd.
835 1576 886 1623 in
916 1579 1144 1625 nostrum
1173 1593 1323 1626 usum
1355 1578 1694 1640 compluribus
1725 1579 1846 1628 locis

155 1650 377 1699 contulit.
461 1649 583 1698 Arte
630 1651 863 1698 cohaeret
918 1666 1030 1698 cum
1067 1651 1138 1709 N,
1186 1651 1407 1700 notabile
1453 1654 1625 1700 tamen
1672 1655 1749 1700 est
1793 1652 1847 1700 in

154 1723 245 1772 hoc
284 1723 387 1772 cod.
418 1723 664 1772 famosum
694 1723 824 1772 illud
853 1719 1052 1789 γεώργιε
1082 1739 1183 1772 una
1215 1740 1326 1772 cum
1358 1715 1396 1773 ὦ
1428 1724 1629 1774 παιδίον
1665 1725 1845 1775 omitti.

305 1799 388 1847 12.
428 1797 649 1846 Venetus
697 1798 815 1846 olim
852 1798 1094 1846 Paulinus
1143 1799 1235 1859 50,
1283 1814 1412 1847 nunc
1450 1799 1734 1847 Marcianus
1784 1799 1844 1849 cl.

151 1870 223 1918 IX
262 1871 365 1920 cod.
409 1873 462 1933 6,
502 1871 608 1919 XV.
649 1871 854 1934 saeculi3
894 1872 1114 1933 pertinet
1153 1871 1216 1919 ad
1254 1872 1495 1920 familiam
1536 1867 1585 1920 b'
1587 1909 1598 1920 .

306 1946 387 1993 13.
426 1945 684 1993 Parisinus
726 1947 892 2006 3076,
931 1960 1059 1994 anno
1094 1947 1235 1994 1616
1274 1946 1603 2007 conscriptus,
1644 1945 1842 1995 Osanno

151 2017 445 2067 Parisiensis
482 2021 534 2082 2,
575 2021 832 2081 excerptas
871 2021 1070 2067 tantum
1102 2019 1324 2082 singulas
1356 2020 1592 2067 lectiones
1627 2014 1707 2067 ‘ex
1738 2019 1841 2068 cod.

152 2090 356 2140 Henrici
381 2087 666 2154 Scrimgeri’
690 2093 858 2140 habet.
912 2093 1018 2154 Est,
1036 2092 1261 2154 quamvis
1284 2093 1519 2140 laudetur
1543 2092 1605 2140 ab
1625 2090 1838 2154 Osanno,

149 2164 283 2213 inter
321 2165 591 2213 deteriores
630 2166 851 2212 familiae
891 2159 956 2212 b'.

304 2240 385 2287 14.
427 2238 810 2287 Mediolanensis
857 2238 1219 2286 Ambrosianus
1265 2239 1324 2287 N
1357 2241 1424 2288 92
1475 2254 1602 2300 sup,
1657 2239 1841 2287 saeculi

150 2312 282 2360 XVI.
335 2314 465 2360 teste
521 2310 768 2374 Cerianio,
822 2311 1180 2360 Ambrosianae
1233 2313 1508 2374 praefecto,
1571 2313 1656 2374 qui
1716 2313 1839 2360 mihi

148 2386 340 2447 petenti
379 2401 438 2434 ex
475 2384 927 2434 Mediolanensibus
969 2384 1175 2434 Cornuti
1215 2386 1465 2434 codicibus
1506 2386 1698 2448 aliquot
1742 2386 1838 2434 lec-

149 2459 309 2507 tiones
350 2461 604 2519 excerptas
643 2459 794 2508 misit.
871 2459 1105 2508 Fluctuat
1144 2460 1276 2508 inter
1313 2461 1372 2508 N
1404 2463 1455 2508 et
1493 2454 1556 2508 b'.

302 2535 385 2582 15.
423 2531 740 2580 Florentinus
765 2533 1130 2582 Laurentianus
1154 2534 1279 2595 plut.
1306 2536 1371 2582 31
1400 2534 1503 2582 cod.
1531 2534 1613 2593 37,
1640 2530 1835 2581 Osanno

148 2604 298 2654 Laur.
323 2605 454 2652 XIV.
487 2606 692 2668 saeculi,
731 2607 848 2654 licet
877 2607 1197 2669 inscriptione
1238 2607 1301 2655 ad
1338 2606 1580 2654 familiam
1613 2608 1663 2653 ca
1698 2597 1835 2671 (vide

147 2696 194 2741 p.
225 2673 281 2746 1)
312 2680 561 2741 pertinere
593 2680 750 2728 videri
781 2680 962 2742 possit,
994 2682 1183 2739 tamen,
1224 2681 1264 2727 si
1296 2695 1379 2727 eas
1410 2679 1669 2740 lectioneS,
1709 2694 1832 2739 quas

149 2751 319 2803 Osann
351 2769 409 2801 ex
449 2768 504 2800 eo
545 2756 801 2814 excerptas
840 2754 1028 2815 passim
1065 2753 1298 2816 praebet,
1337 2751 1636 2815 respexeris,
1675 2767 1828 2812 prope

148 2829 211 2877 ad
242 2828 301 2876 N
324 2827 555 2875 accedere
594 2827 947 2875 existimandus
980 2830 1070 2877 est.
1133 2827 1240 2876 Hac
1272 2827 1525 2875 occasione
1557 2824 1676 2872 data
1706 2825 1834 2873 illud
