1998 3088
98 614 118 646 5

79 1058 119 1089 10

78 1495 119 1526 15

76 1946 119 1978 20

138 133 210 183 42
794 129 1162 172 KOPNOTTOT

141 246 278 320 αὐτῇ
319 246 578 318 δηλονότι
619 245 779 317 ἰκμὰς
816 250 1074 315 παραιτία
1115 246 1288 300 ἐστίν·
1337 242 1452 300 εἶτα
1485 245 1825 314 ἐνοσίχθονα

139 338 231 392 καὶ
278 337 593 405 ἐνοσίγαιον
646 335 738 389 καὶ
790 338 1116 404 σεισίχθονα
1173 334 1264 388 καὶ
1320 332 1615 404 τινάκτορα
1664 338 1826 403 γαίας

143 423 216 490 ὡς
263 422 329 478 οὐ
375 421 502 494 παρ’
546 421 721 492 ἄλλην
766 425 949 477 αἰτίαν
987 425 1100 477 τῶν
1147 425 1389 491 σεισμῶν
1435 422 1750 491 γινομένων
1788 417 1823 490 ἢ

142 511 289 582 παρὰ
327 512 430 582 τὴν
469 514 546 574 εἰς
582 509 678 573 τὰς
717 511 776 563 ἐν
814 512 879 581 τῇ
910 513 979 581 γῇ
1013 509 1292 580 σήραγγας
1324 513 1600 579 ἔμπτωσιν
1636 512 1734 579 τῆς
1767 530 1826 564 τε

142 599 418 668 θαλάττης
447 598 537 652 καὶ
567 601 680 652 τῶν
713 595 897 651 ἄλλων
929 594 1174 652 ὑδάτων·
1209 595 1696 668 στενοχωρούμενα
1720 595 1828 666 γὰρ

140 686 207 741 τὰ
248 688 308 741 ἐν
343 684 480 757 αὐτῇ
512 684 796 754 πνεύματα
834 684 925 738 καὶ
967 686 1161 750 ἔξοδον
1202 687 1470 755 ζητοῦντα
1502 690 1828 739 κλονεῖσθαι

141 775 231 828 καὶ
271 772 586 844 ῥήγνυσθαι
630 770 806 843 αὐτὴν
843 783 1011 841 ποιεῖ,
1060 770 1520 842 ἀποτελουμένων
1569 770 1691 826 ἔσθ’
1738 770 1828 827 ὅτε

141 863 233 916 καὶ
273 860 607 932 μυκημάτων
646 859 781 915 κατὰ
828 859 930 930 τὴν
973 861 1153 930 ῥῆξιν·
1203 858 1470 930 [εὐλόγως
1507 857 1615 914 ὑπό
1655 881 1828 915 τινων

142 951 233 1005 καὶ
272 947 513 1020 μυκητάς
551 956 760 1019 εἴρηται
792 951 887 1018 τῆς
918 947 1196 1017 θαλάττης
1226 969 1351 1002 τινα
1396 951 1656 1003 τοιοῦτον
1688 941 1827 1018 ἦχον

143 1037 539 1107 άποτελούσης,
586 1034 683 1107 ἀφ’
722 1029 789 1091 οὗ
828 1036 918 1091 καὶ
965 1034 1207 1107 ἠχήεσσα
1252 1036 1343 1090 καὶ
1390 1034 1699 1106 ἀγάστονος
1736 1038 1829 1092 καὶ

142 1125 554 1195 πολύφλοισβος
606 1125 863 1194 λέγεται·]
927 1125 1192 1184 ἐντεῦθεν
1257 1123 1318 1179 δὲ
1374 1126 1571 1190 ἔδοξαν
1632 1125 1724 1179 καὶ
1775 1127 1833 1179 οἱ

141 1215 335 1282 ταῦροι
383 1210 530 1287 αὐτῷ
578 1211 904 1282 προσήκειν,
951 1212 1042 1266 καὶ
1089 1211 1336 1267 θύουσιν
1386 1210 1535 1287 αὐτῷ
1585 1211 1830 1282 ταύρους

142 1299 497 1370 παμμέλανας
548 1298 639 1353 διὰ
686 1298 790 1370 τὴν
839 1297 1036 1370 χροιὰν
1081 1302 1182 1353 τοῦ
1227 1298 1504 1370 πελάγους
1552 1300 1665 1369 [καὶ
1713 1301 1829 1355 ἐπεὶ

143 1386 322 1451 ἄλλως
359 1384 420 1441 τὸ
469 1385 622 1456 ὕδωρ
670 1388 842 1457 μέλαν
890 1385 1032 1441 εἶναι
1071 1388 1383 1456 λέγουσιν],
1431 1384 1674 1457 εὐλόγως
1719 1387 1828 1459 ἤδη

144 1480 514 1546 κυανοχαίτου
553 1474 725 1530 αὐτοῦ
766 1474 1062 1545 εἰρήμενου
1091 1475 1183 1529 καὶ
1215 1476 1285 1544 ,ἐν
1317 1477 1512 1545 ἐσθῆτι
1545 1479 1830 1547 εἰσαγομέ-

142 1586 247 1619 νου
295 1563 543 1636 τοιαύτῃ·
621 1563 824 1618 τούτου
876 1561 927 1618 δ’
982 1564 1167 1618 ἕνεκεν
1221 1564 1313 1616 καὶ
1365 1561 1496 1627 τοὺς
1549 1563 1829 1635 ποταμοὺς

142 1651 524 1723 κερασφόρους
583 1651 674 1705 καὶ
741 1649 1068 1722 ταυρωποὺς
1133 1649 1604 1721 ἀναπλάττουσιν,
1673 1649 1829 1708 ὦσαν

142 1739 330 1809 βίαιόν
375 1762 426 1794 τι
472 1741 567 1809 τῆς
612 1741 794 1808 φορᾶς
841 1736 1026 1793 αὐτῶν
1076 1738 1167 1793 καὶ
1219 1736 1522 1809 μυκητικόν
1575 1739 1828 1811 ἐχούσης·

142 1828 233 1882 καὶ
271 1826 378 1897 γὰρ
419 1824 448 1881 ὁ
489 1825 861 1897 Σκάμανδρος
898 1825 1046 1895 παρὰ
1087 1828 1160 1900 τῷ
1201 1828 1398 1898 ποιητῇ

621 1928 830 2000 ἤρυγεν
870 1926 943 1994 ὥς
983 1927 1071 1984 ὅτε
1110 1931 1326 1998 ταῦρος.

144 2031 261 2085 κατ’
306 2030 477 2086 ἄλλον
526 2030 587 2086 δὲ
632 2030 841 2101 τρόπον
888 2030 1150 2101 γαιήοχος
1195 2032 1407 2100 λέγεται
1455 2029 1483 2086 ὁ
1533 2036 1829 2088 Ποσειδῶν

145 2119 236 2172 καὶ
274 2121 635 2188 θεμελιοῦχος
672 2116 781 2172 ὑπό
821 2139 991 2172 τινων
1038 2118 1129 2172 καὶ
1171 2109 1600 2194 θύουσιναύτῷ
1631 2117 1826 2190 Ἀσφα-

148 2209 274 2278 λείῳ
322 2207 638 2258 Ποσειδῶνι
691 2207 971 2274 πολλαχοῦ
1027 2201 1182 2282 ὦσαν
1234 2201 1316 2258 ἐπ’
1371 2202 1519 2280 αὐτῷ
1574 2209 1831 2278 κειμένου

266 2334 406 2379 XXII.
442 2339 482 2377 1.
515 2335 759 2390 παραίτιος
783 2348 806 2378 c
836 2336 1084 2384 παναίτιος
1107 2316 1322 2379 Eudocid
1346 2362 1398 2368 -
1426 2341 1466 2380 2.
1491 2340 1625 2393 γαίης
1649 2338 1686 2383 b'
1709 2366 1762 2372 ——
1789 2345 1832 2384 4.

151 2398 190 2437 5.
222 2393 303 2446 τῆς
333 2408 382 2436 τε
413 2390 655 2447 θαλάσσης
686 2407 715 2436 α
745 2393 826 2448 τῆς
858 2392 938 2449 [τ.]
970 2395 1019 2435 θ.
1053 2391 1119 2437 b'c
1149 2394 1240 2437 τῶν
1270 2392 1513 2451 θαλάσσης
1534 2397 1590 2439 N
1618 2423 1670 2430 -
1705 2404 1744 2443 6.
1780 2396 1831 2443 ἐν

151 2446 291 2508 αὐτῇ]
328 2447 380 2495 ἐν
413 2447 572 2500 αὐτοῖς
603 2447 645 2494 α’
664 2451 787 2505 (ΜῬ)
823 2446 874 2494 ἐν
905 2447 1073 2500 αὐταῖς
1107 2451 1179 2496 Os.
1214 2478 1267 2484 —-
1309 2458 1350 2497 8.
1383 2451 1516 2509 ῥ’ῆξιν
1548 2451 1751 2511 εὐλόγως
1783 2457 1839 2501 Ν

151 2507 282 2565 ῥ’ῆξιν
314 2505 525 2563 εὐλόγως.
559 2523 582 2553 c
622 2534 675 2541 —
715 2504 808 2552 ὑπό
849 2525 988 2552 τινων
1027 2507 1078 2553 δὲ
1112 2523 1135 2554 c
1164 2535 1223 2542 —
1258 2516 1298 2555 9.
1332 2509 1542 2568 μυκητάς
1573 2514 1681 2559 Par.
1715 2519 1831 2559 3076

152 2563 359 2621 μυκήτας
397 2566 578 2610 lPNB
617 2564 820 2623 μυκήτης
863 2567 921 2610 Μ
959 2568 1159 2623 μυκῆτες
1199 2568 1241 2612 G·
1280 2572 1505 2624 μηκοίτας
1543 2585 1567 2615 c
1606 2577 1834 2628 μυκητιάς

154 2625 361 2680 ‘quidam
379 2627 433 2679 (2)
459 2625 608 2668 codd.’
636 2625 883 2669 Villoisono
906 2630 1010 2669 teste
1027 2651 1081 2658 —
1103 2631 1168 2670 15.
1197 2630 1510 2684 κυανοχαίτην
1535 2626 1679 2674 αὐτὸν
1705 2630 1831 2687 εἰρή-

151 2698 259 2727 κασι
283 2682 362 2726 καὶ
388 2679 440 2726 ἐν
466 2679 500 2727 ἐ.
529 2681 764 2739 εἰσάγουσι
789 2680 982 2739 τοιαύτῃ
1007 2684 1074 2741 N2
1090 2682 1155 2728 b'c
1180 2710 1235 2717 —
1262 2691 1330 2729 17.
1364 2682 1534 2731 ὡσανεὶ
1558 2688 1743 2746 LV1²>0
1776 2716 1831 2722 —

155 2746 223 2784 18.
257 2736 451 2797 [αὐτῶν]
478 2742 503 2784 b
535 2766 587 2773 —
621 2746 689 2785 23.
719 2747 789 2785 24.
815 2737 926 2798 ὧσφ.
955 2743 1185 2800 [Ποσειδ.]
1216 2743 1288 2787 Os.
1313 2745 1378 2788 ed.
1415 2741 1628 2800 ἄσφαλίω
1661 2762 1764 2793 ποσ.
1790 2746 1829 2793 b'

152 2795 455 2854 ἄσφαλάκους
480 2799 623 2857 [ποσ.]
651 2813 674 2844 c
707 2826 758 2833 —
792 2805 860 2844 24.
896 2796 1065 2844 ὡσανεὶ
1096 2801 1139 2844 L
1158 2801 1285 2858 Vlbc
