1998 3088
677 125 952 172 CODICUM
987 124 1314 171 RECENSUS.
1726 144 1836 182 X111

132 252 408 314 ,omniaque
446 251 678 313 deinceps
725 266 883 313 usque
931 249 995 299 ad
1031 243 1123 313 τὴν
1159 252 1374 315 γυναῖκα
1410 247 1494 298 καὶ
1530 244 1601 317 (p.
1627 252 1712 310 34,
1741 248 1834 317 13)

144 326 366 386 exhibet,
411 325 592 387 quibus
632 324 832 387 quidem
869 324 1036 373 verbis
1059 324 1144 372 fol.
1187 325 1253 373 15
1279 340 1327 373 v.
1349 323 1554 386 desinit3
1591 323 1677 373 fol.
1707 326 1771 373 16
1798 342 1835 374 r.

144 415 262 450 vero
293 399 358 447 ad
387 399 510 448 haec
546 398 702 448 verba
739 398 891 447 redit:
932 394 1152 463 λέγονται
1190 393 1245 445 δὲ
1282 391 1418 462 παρά
1439 410 1534 446 τισι
1556 392 1626 461 (p.
1656 400 1738 460 15,
1767 393 1837 463 1),

145 473 360 535 indeque
407 472 468 522 de
506 472 663 521 Musis
713 472 1112 534 explanationem
1157 486 1316 533 usque
1362 470 1428 519 ad
1480 472 1655 532 verba,
1710 487 1837 534 quae

145 548 265 597 sunt
308 546 441 595 inter
480 549 704 595 extrema
741 546 849 594 eius
897 546 1095 607 capitiS,
1145 539 1491 609 δυσανᾶβατον
1535 542 1618 593 καὶ
1663 548 1838 610 γλυκυ-

144 615 339 683 κᾶρπου
364 613 670 708 (p-18,13)
695 619 1037 682 prosequitur3
1060 618 1237 667 folium
1258 621 1323 668 18
1342 635 1382 667 r.
1409 621 1577 667 autem
1601 618 1773 669 f01.13
1791 636 1838 668 v.

144 694 313 743 verbis
352 687 446 758 γὰρ
477 688 503 743 6
536 695 699 757 μῦθος
732 687 803 758 (p.
830 695 914 754 34,
944 686 1036 758 13)
1069 691 1264 754 excipit.
1324 693 1460 754 Ergo
1489 693 1611 741 haec
1635 693 1838 741 desunt:

144 762 323 854 ταύτης
351 783 399 828 p.
434 768 575 830 7,16
607 793 670 800 ——
699 761 987 830 ἆριθμόνρ.
1025 767 1108 826 14,
1143 767 1234 827 14,
1272 767 1361 815 τοῦ
1386 767 1547 854 φυτοῦ
1577 783 1624 829 p.
1657 768 1835 830 18,13

145 868 216 876 -
257 834 329 890 ὧν
366 858 414 903 p.
456 805 539 901 2’5,
580 843 666 890 20.

332 914 424 963 ‚G
449 935 519 953 =
544 912 836 964 Oxoniensis
872 914 1197 963 Bodleianus-
1199 912 1532 962 Baroccianus
1560 915 1681 974 125,
1706 914 1835 964 XVI.

146 1004 273 1038 saec.
295 916 569 1048 9ineuntiS,
616 987 769 1037 Galeo
816 991 868 1036 et
913 986 1111 1036 Osanno
1152 986 1309 1037 Oxon.
1347 1005 1400 1048 α,
1446 1001 1598 1035 manu
1644 988 1840 1037 Nicolai

143 1061 330 1111 Malaxi
381 1065 686 1124 protopapae
739 1061 947 1124 Nauplii
1007 1061 1330 1123 conscriptae.
1421 1061 1517 1109 Hic
1570 1061 1722 1110 codex
1776 1063 1839 1110 ad

145 1136 294 1184 finem
326 1151 366 1185 c.
392 1138 422 1183 2
456 1136 579 1185 haec
611 1135 814 1195 subicit,
854 1151 980 1198 quae
1020 1134 1144 1184 Gale
1182 1138 1370 1184 temere
1396 1133 1603 1184 Cornuti
1634 1135 1840 1184 editioni

147 1225 268 1259 suae
304 1209 542 1258 inseruit:
583 1206 684 1257 Καὶ
721 1203 890 1268 ἄλλως.
953 1203 1094 1257 Κατὰ
1130 1203 1216 1258 τὸν
1253 1202 1499 1272 ἱστορικὸν
1537 1210 1705 1272 μῦθον
1741 1211 1840 1258 τῶν

144 1284 370 1332 παλαιῶν
415 1276 443 1332 6
488 1277 686 1347 Κρόνος
733 1280 1018 1347 συζευχθεὶς
1061 1284 1119 1349 τῇ
1161 1276 1271 1349 Ῥέᾳ
1317 1279 1545 1347 ἐγέννησε
1592 1277 1679 1331 τὸν
1724 1283 1839 1345 Δία,

145 1351 232 1406 τὸν
270 1355 566 1406 Ποσειδῶνα
602 1354 686 1405 καὶ
723 1351 809 1406 τὸν
848 1349 1137 1406 Πλούτωνα.
1177 1353 1304 1405 ἔτεκε
1343 1352 1398 1404 δὲ
1435 1353 1518 1404 καὶ
1555 1352 1677 1405 ἄλλα
1713 1352 1839 1420 τινα,

145 1425 179 1479 ἅ
210 1444 364 1493 φασιν
394 1424 654 1494 κατήσθιε,
697 1425 853 1494 μόνον
891 1426 947 1479 δὲ
983 1425 1070 1480 τὸν
1101 1429 1197 1479 Δία
1235 1424 1328 1479 οὐκ
1364 1424 1602 1494 ἠδυνήθη
1643 1434 1838 1496 φαγεῖν,

147 1498 227 1553 διὸ
264 1501 349 1552 καὶ
386 1499 537 1568 μόνος
573 1505 671 1552 τῶν
708 1499 871 1552 ἄλλων
908 1502 1077 1567 ἔζησεν
1115 1497 1142 1553 6
1180 1498 1321 1562 Ζεύς.
1396 1505 1539 1554 τοῦτο
1574 1500 1664 1568 μὲν
1695 1499 1838 1569 ἆλλη-

146 1579 356 1663 γορικῶς
405 1576 458 1626 οἱ
498 1575 729 1643 ἐξηγηταί
777 1591 933 1641 φασιν
985 1570 1124 1626 εἶναι.
1208 1572 1295 1626 τὸν
1348 1573 1438 1640 μὲν
1489 1596 1584 1642 γαρ
1638 1573 1839 1642 Κρόνον

144 1646 326 1716 χρόνον
369 1652 575 1701 καλοῦσι
618 1645 742 1700 κατὰ
787 1646 1048 1715 μεταθεσιν
1086 1652 1172 1700 τοῦ
1208 1652 1362 1714 ψιλοῦ
1409 1650 1477 1709 εἰς
1513 1646 1566 1700 τὸ
1606 1646 1840 1702 ἀντιστοι-

145 1726 267 1790 χοῦν
289 1720 421 1813 αὐτῷ
446 1717 595 1774 δασύ·
627 1719 767 1774 Ῥέαν
806 1721 860 1774 δὲ
896 1720 988 1789 τὴν
1024 1726 1144 1798 γῆν,
1181 1719 1287 1788 ήτις
1325 1741 1487 1773 παντα
1517 1721 1614 1789 ῥέει
1637 1718 1755 1791 (sic)
1778 1744 1837 1774 τα

146 1793 315 1861 ὖλικᾶ,
353 1794 453 1848 ἀπὸ
491 1801 579 1848 τοῦ
617 1798 732 1864 ρεῐν.
803 1801 981 1858 Καλῶς
1012 1798 1105 1848 οὐν
1142 1818 1175 1862 η
1207 1792 1473 1863 ἀλληγορία
1504 1802 1698 1847 νοεῖται.
1755 1793 1838 1848 δια

145 1867 239 1958 γὰρ
277 1875 364 1922 τοῦ
402 1867 585 1960 χρόνου
624 1870 708 1920 καὶ
744 1874 829 1936 τῆς
866 1875 958 1938 γῆς
994 1867 1154 1921 πάντα
1190 1872 1410 1921 τίκτεται·
1459 1867 1523 1936 μὴ
1565 1868 1706 1931 ὄντος
1743 1868 1837 1938 γὰρ

146 1940 352 2011 χρόνου,
400 1940 518 1996 οὐδὲ
565 1939 692 2010 (cod.
733 1940 867 2012 οὔτε)
906 1941 1090 2010 κόσμος
1136 1944 1285 1995 ἐστίν·
1332 1943 1385 1994 ἐκ
1430 1940 1524 2011 γὰρ
1562 1948 1647 2009 τῆς
1686 1941 1839 2011 ἀρχῆς

145 2022 234 2070 τοῦ
271 2014 454 2108 χρόνρυ
494 2013 520 2068 6
559 2014 741 2083 κόσμος
780 2018 981 2085 ἐγένετο.
1020 2038 1137 2107 scog-e
1151 2009 1211 2069 οὗ
1257 2014 1454 2084 χρόνος,
1504 2017 1587 2067 καὶ
1632 2015 1827 2083 κόσμος·

147 2091 231 2142 καὶ
274 2088 328 2142 τὸ
375 2088 636 2142 ἆναπαλιν.
698 2093 933 2159 συνεμίγη
984 2092 1077 2143 οὐν
1116 2087 1143 2143 6
1181 2088 1380 2157 Κρόνος
1416 2095 1474 2159 τῆ
1506 2087 1641 2160 Ῥέα,
1679 2089 1839 2158 ήγουν

147 2160 174 2216 6
211 2161 388 2252 χρόνος
424 2169 482 2234 τῇ
519 2169 605 2234 γῇ,
660 2162 783 2216 όθεν
819 2165 990 2233 γέγονε
1026 2157 1185 2216 τᾶλλα.
1246 2161 1272 2217 6
1313 2163 1367 2215 δὲ
1406 2162 1602 2231 Κρόνος
1656 2163 1765 2231 ἤτοι
1811 2162 1836 2217 6

146 2235 335 2327 χρόνος
361 2235 521 2289 πάντα
557 2235 793 2304 κατήσθιε
830 2236 961 2305 πλὴν
997 2243 1086 2291 τοῦ
1117 2236 1257 2300 Διός
1298 2238 1381 2290 καὶ
1417 2243 1558 2290 τοῦτο
1595 2235 1656 2304 δὴ
1691 2257 1838 2303 φανε-

146 2309 260 2378 ρόν,
306 2332 380 2363 οτι
425 2308 451 2364 6
497 2309 668 2378 καιρὸς
711 2309 854 2364 παντ’
905 2309 1133 2378 ἀφανίζει
1176 2308 1308 2379 πλὴν
1350 2309 1403 2364 τὸ
1459 2308 1518 2363 ὂν
1567 2309 1835 2364 ἆθανατον.

146 2405 230 2436 και
280 2382 374 2452 γὰρ
411 2383 625 2437 Πλατων
674 2382 700 2438 6
754 2384 1030 2452 φιλόσοφος
1075 2389 1172 2438 Δία
1216 2382 1303 2438 τὸν
1344 2383 1602 2452 σύμπαντα
1653 2383 1838 2452 κόσμον

146 2456 456 2525 έξωνόμασεν
501 2456 646 2510 εἶναι·
697 2458 834 2512 αλλοι
880 2459 933 2512 δὲ
978 2457 1069 2524 τὴν
1112 2457 1285 2527 ψυχὴν
1333 2457 1414 2511 διὰ
1451 2457 1504 2511 τὸ
1543 2456 1619 2510 ἀεὶ
1658 2459 1837 2525 μένειν,

146 2529 285 2584 αλλοι
331 2531 386 2583 δὲ
430 2529 585 2599 αυτὴν
629 2530 720 2600 τὴν
764 2532 920 2586 αυλον
965 2534 1049 2585 καὶ
1092 2531 1349 2586 ἆθανατον
1395 2530 1584 2585 οὐσίαν.
1654 2550 1772 2584 ωστε
1811 2529 1836 2584 6

147 2602 275 2667 Ζευς
314 2605 442 2657 ἔστιν
479 2603 578 2658 ἀπὸ
616 2612 702 2659 τοῦ
741 2610 850 2673 ζῆν
897 2605 1049 2673 μόνος
1086 2604 1251 2698 γὰρ
1216 2612 1314 2658 τῶν
1351 2605 1512 2658 ἄλλων
1551 2607 1718 2672 ἔζησεν
1755 2606 1838 2657 καὶ

146 2676 353 2745 νικήσας
389 2676 476 2736 τὸν
513 2677 704 2771 χρόνον
733 2682 1063 2748 ἐβασίλευσεν·
1115 2702 1175 2733 ου
1221 2678 1253 2747 ἡ
1302 2683 1521 2748 βασιλεία
1565 2701 1686 2731 κατα
1724 2676 1837 2740 τοὺς

148 2750 391 2815 παλαιους
428 2758 526 2805 τῶν
558 2750 809 2821 Ελλήνων
857 2753 932 2806 ἐπ’
983 2752 1252 2821 ἀκροτάτης
1290 2758 1514 2821 κορυφῆς
1551 2750 1837 2818 πολυδειρα-

151 2825 239 2886 δος
295 2823 586 2894 Οὐλυμποιο
639 2828 784 2880 πέλει.
847 2829 897 2890 ἐξ
951 2830 1012 2881 οὗ
1066 2827 1155 2894 μὲν
1200 2825 1452 2879 Ἀπόλλων
1503 2827 1586 2877 καὶ
1617 2825 1838 2891 ’Ἀρτεμις
