1998 3088
188 129 335 167 XV111
724 109 996 156 CODICUM
1027 109 1353 156 RECENSUS.

190 235 350 285 δοσιν
396 229 449 284 τὸ
497 231 551 284 δὲ
597 231 878 299 λεπτομεοὲς
922 237 1009 284 τοῦ
1057 229 1200 299 ἀέρος
1238 231 1406 300 γέγονε
1443 238 1566 300 πῦρ,
1613 230 1644 300 ἡ
1685 234 1739 286 δὲ
1779 233 1877 286 θοὶ-

188 312 330 358 λαττα
344 303 385 373 ¹)
440 303 561 357 κατὰ
616 303 901 381 ἕκμύζησιν,
964 303 1020 356 τὰ
1076 305 1128 357 δὲ
1183 303 1273 373 ὅρη
1327 303 1447 357 κατὰ
1503 306 1878 375 ἐξοστρακισμὸν

187 384 272 446 τῆς
303 385 404 448 γῆς.
468 376 684 440 Νυκτὸς
726 376 773 429 δ’
817 376 920 430 αὖτ’
958 377 1129 446 Αἰθήρ
1139 374 1276 447 ',²)‘
1260 377 1331 430 ότι
1363 376 1551 447 ὁρῶμεν
1581 378 1666 432 τὸν
1698 382 1877 448 αἰθέρα

189 458 288 515 τοῖς
327 451 558 519 &camdem
606 453 659 503 ἐν
696 457 754 520 τῇ
792 454 950 504 νυκτί·
998 453 1080 504 καὶ
1125 450 1273 504 παλιν
1312 455 1355 504 εἰ
1393 450 1457 520 μὴ
1498 451 1805 523 υποχωρήσει
1844 477 1875 521 η

190 524 304 592 νύξ,
343 523 498 594 ἡμέοα
537 523 597 578 οὗ
636 528 833 594 γίνεται.

337 618 452 679 Ipse
491 617 680 665 contuli
716 620 848 666 totos
888 618 1078 666 codices
1124 621 1167 666 1.
1209 619 1255 665 2.
1299 620 1344 667 3.
1386 620 1433 667 4.
1469 620 1515 667 5.
1552 622 1597 668 7.
1631 621 1678 669 8.
1714 622 1758 668 9.
1796 622 1877 669 13.

194 693 276 739 28.
319 693 408 753 29;
447 691 633 752 partim
673 691 774 740 cod,
817 693 900 740 20.
942 693 1025 740 22.
1068 693 1150 740 26.
1195 693 1276 740 27.
1319 693 1402 740 32.
1444 693 1529 740 36.

337 765 418 812 Ad
454 765 787 826 indagandam
819 764 1076 827 antiquam
1109 757 1227 830 (XI.
1259 767 1345 813 aut
1377 765 1437 813 X.
1471 759 1704 833 saecum)
1743 766 1879 826 Lati-

189 853 306 886 nam
361 837 567 887 Cornuti
626 839 904 887 versionem
967 833 1215 886 ‘Malarini
1268 840 1350 887 vel
1405 834 1666 900 Malatini',
1730 855 1878 902 quam

190 911 429 959 Bai-thius
469 912 531 959 ad
564 911 688 961 Stat.
724 912 877 961 Theb.
918 905 1112 978 (1664)
1152 915 1270 960 tom.
1303 911 1354 959 II
1385 929 1433 974 p.
1468 914 1571 961 401
1614 914 1665 960 in
1703 913 1880 961 biblio-

190 986 350 1033 thecis
400 985 655 1034 veteribus
705 985 1018 1047 conspexisse
1067 1000 1119 1033 se
1171 986 1448 1048 contendit,
1503 986 1542 1033 Ι.
1590 986 1879 1035 Haeussner

191 1057 632 1121 Heidelbergensis
666 1059 851 1107 amicus
885 1061 937 1107 et
969 1074 1060 1120 ego
1091 1058 1218 1106 nihil
1255 1059 1399 1107 nobis
1438 1059 1618 1122 reliqui
1657 1060 1879 1122 fecimus,

192 1133 279 1180 sed
317 1132 690 1182 verberavimus
737 1131 972 1194 lapidem!
1049 1132 1299 1179 Nimirum
1346 1135 1463 1180 sunt
1509 1133 1595 1194 qui
1639 1134 1878 1182 vanitatis

192 1206 455 1253 Barthium
494 1208 725 1268 arguant.
763 1257 766 1261 ,

339 1279 414 1327 1)6
455 1280 752 1328 editionibus
791 1279 903 1328 vide
944 1277 1212 1327 Osannum.
1272 1278 1395 1328 Post
1428 1279 1681 1328 Osannum
1721 1295 1880 1342 pauca

192 1352 256 1400 ad
296 1351 571 1401 Cornutum
609 1353 914 1414 pertinentia
951 1353 1094 1402 video
1140 1353 1404 1414 impressa3
1452 1356 1568 1401 sunt
1614 1356 1783 1403 autem
1821 1369 1880 1402 ea

191 1427 334 1474 haec:
384 1424 434 1474 C.
476 1426 531 1474 L.
572 1425 788 1475 Struve
837 1426 1075 1487 opuscula
1122 1427 1306 1474 selecta
1352 1426 1425 1475 ed.
1473 1425 1512 1474 Ι.
1561 1427 1651 1475 Th.
1699 1427 1878 1476 Struve

191 1516 238 1562 p.
274 1501 565 1548 257-260
605 1493 671 1565 (a.
718 1493 904 1565 1854);
943 1499 1334 1562 Wollenberg
1372 1516 1418 1548 v.
1459 1515 1610 1562 supra
1647 1517 1694 1563 p.
1733 1500 1878 1565 VIII3

193 1572 680 1621 Schmitt-Blank
721 1568 839 1620 ‘Zur
864 1572 1203 1621 Texteskritik
1244 1573 1330 1621 des
1357 1568 1636 1621 Cornutus'
1677 1568 1799 1639 (Eos
1832 1590 1874 1623 a.

194 1647 335 1695 1864
360 1648 671 1707 p.92-102
701 1649 751 1695 et
774 1663 821 1708 p.
849 1640 1178 1710 526—548).
1220 1644 1441 1702 Quarum
1465 1647 1878 1696 dissertationum

194 1718 704 1768 Schmitt-Blankiana
748 1720 1018 1781 plurimum
1054 1719 1181 1766 mihi
1219 1719 1455 1768 utilitatis
1496 1721 1671 1768 attulit
1707 1721 1875 1770 valde-

190 1810 288 1856 que
313 1794 454 1842 doleo
479 1793 611 1855 quod
635 1794 838 1856 egregio
861 1793 983 1853 viro,
1009 1792 1306 1841 amicissimo
1323 1809 1433 1842 meo
1453 1795 1504 1841 et
1527 1794 1693 1842 uxoris
1716 1794 1877 1856 fratri,

192 1867 281 1915 abs
337 1883 433 1928 quo
489 1867 687 1929 quidem
733 1867 796 1914 ad
843 1867 1087 1915 edendum
1135 1865 1410 1915 Cornutum
1462 1867 1698 1916 incitatus
1753 1883 1875 1928 sum,

190 1956 290 1989 non
319 1940 431 1990 vivo
462 1941 604 1989 licuit
634 1940 766 1988 hunc
793 1940 981 1988 librum
1013 1941 1210 1988 offerre:
1249 1940 1421 2002 iniqua
1453 1941 1580 1988 enim
1616 1943 1666 1989 et
1698 1942 1878 1989 acerba

191 2014 394 2063 fortuna
433 2014 613 2062 abhinc
651 2029 829 2062 novem
866 2014 972 2062 sere
1009 2029 1202 2061 menses
1241 2016 1563 2075 praematura
1600 2017 1761 2062 morte
1793 2015 1877 2062 ab·

192 2087 345 2148 ripuit
383 2103 511 2147 eum,
551 2088 689 2135 cuius
728 2087 1008 2149 ambigeres
1047 2088 1216 2134 utrum
1247 2087 1359 2147 plus
1391 2087 1709 2135 admirareris
1741 2088 1875 2149 inge·

192 2160 329 2207 nium
360 2175 417 2208 ac
448 2161 724 2208 doctrinam
756 2176 819 2208 an
845 2160 1207 2223 ingenuitatem
1231 2160 1382 2221 atque
1415 2160 1678 2209 candorem
1710 2161 1876 2211 animi.

339 2233 415 2280 De
437 2236 610 2281 nostra
634 2233 849 2282 editione
879 2234 1118 2282 nonnulla
1148 2233 1402 2293 habemus,
1435 2248 1561 2295 quae
1590 2234 1875 2284 adiciamus.

193 2307 252 2354 In
305 2308 539 2355 contextu
590 2307 858 2355 verborum
904 2323 1031 2369 quae
1089 2307 1226 2355 uncis
1272 2306 1528 2368 quadratis
1583 2307 1874 2357 inclusimus

192 2379 390 2428 nomine
422 2380 543 2442 eius,
575 2380 660 2441 qui
691 2380 880 2441 primus
912 2380 1184 2440 incluserit,
1215 2380 1267 2427 111
1299 2382 1541 2441 apparatu
1572 2396 1671 2428 non
1693 2397 1874 2430 memo-

193 2455 325 2514 rato,
366 2468 396 2500 a
432 2453 573 2501 nobis
614 2468 722 2501 esse
760 2454 962 2502 inducta
1003 2455 1146 2516 scit03
1185 2453 1236 2502 in
1276 2456 1518 2515 apparatu
1559 2456 1726 2502 autem
1766 2470 1876 2502 cum

193 2526 455 2589 flagitante
503 2542 558 2574 eo
602 2527 710 2575 viro
759 2527 1055 2587 clarissimo,
1110 2526 1249 2574 cuius
1299 2527 1578 2588 sumptibus
1626 2527 1703 2575 hic
1749 2527 1877 2575 liber

193 2600 328 2662 typis
384 2602 615 2648 exaratus
670 2603 768 2661 est,
829 2600 1047 2661 potiores
1102 2602 1299 2647 tantum
1352 2600 1600 2661 potiorum
1654 2600 1875 2648 codicum

195 2674 467 2735 scripturas
508 2674 1020 2733 commemoravimus,
1069 2675 1178 2720 tum
1223 2673 1274 2721 id
1312 2674 1625 2734 potissimum
1668 2674 1874 2735 egimus,

317 2814 358 2870 1)
391 2810 611 2858 θάλασσα
642 2827 677 2859 c.
713 2839 765 2846 —
799 2815 844 2870 2)
876 2810 1021 2870 αἰθήρ
1054 2828 1101 2857 τε
1143 2813 1213 2857 W.
