1998 3088
155 129 224 181 33
830 126 1198 169 KOPNOTTOT

153 244 348 310 πολιὰς
381 243 721 317 ὠνόμασται,
754 242 1004 315 καθάπερ
1038 241 1066 298 ὁ
1095 241 1233 308 Ζεὺς
1264 241 1506 307 πολιεύς·
1550 243 1836 297 ἐπίσκοποι

153 331 258 403 γὰρ
299 331 598 403 ἀμφότεροι
639 335 749 386 τῶν
789 330 1018 385 πόλεων.
1096 329 1325 395 Παλλὰς
1374 329 1435 385 δὲ
1482 329 1693 399 λέγεται
1742 326 1836 386 διὰ,

153 420 256 490 τὴν
296 421 721 491 μεμυθευμένην
760 419 882 486 περὶ
915 416 1091 488 αὐτὴν
1123 417 1379 488 νεότητα,
1420 415 1518 487 ἀφ’
1557 410 1624 472 οὗ
1656 416 1747 471 καὶ
1781 417 1840 470 οὗ

154 506 422 577 πάλληκες
467 509 555 562 καὶ
594 507 863 561 παλλακαὶ
907 504 1438 576 προσαγορεύονται·
1486 503 1836 575 σκιρτητικὸν

110 595 259 666 5γάρ
298 597 387 650 καὶ
427 594 775 664 παλλόμενον
820 592 882 648 τὸ
928 595 1073 648 νέον.
1143 596 1400 664 ἵδρυνται
1450 593 1510 648 δὲ
1556 591 1733 663 αὐτὴν
1775 593 1836 647 ἐν

152 695 270 748 ταῖς
300 682 629 752 ἄκροπόλεσι
655 681 914 752 μάλιστα,
947 679 1008 736 τὸ
1037 680 1560 752 δυσκαταγώνιστον
1585 681 1676 736 καὶ
1703 684 1837 736 δυσ-

153 771 518 841 πολιόρκητον
567 773 808 842 ἐμφῆναι
853 771 1115 834 θέλοντες
1161 766 1194 840 ἢ
1240 769 1302 825 τὸ
1352 768 1579 824 ἄνωθεν
1623 771 1835 840 ἐφορᾶν

152 858 281 923 τοὺς
326 857 811 929 προσπεφευγότας
857 855 994 929 αὐτῇ
1041 854 1074 928 ἢ
1123 856 1228 927 τὴν
1274 856 1652 931 μετεωρότητα
1702 877 1835 927 παρ-

154 947 398 1012 ιστάντες
437 950 535 1002 τοῦ
574 944 705 1000 καθ’
745 942 772 1000 ὃ
807 946 971 1016 μέρος
1010 945 1122 1000 ἐστὶ
1155 948 1250 1015 τῆς
1288 944 1509 1014 φύσεως
1546 944 1578 1015 ἡ
1610 942 1835 1015 Ἀθηνᾶ.

90 1054 131 1084 10
154 1033 596 1106 ἄλαλκομενηΐδα
657 1034 717 1089 δὲ
781 1032 953 1104 αὐτὴν
1012 1037 1282 1088 καλοῦσιν
1346 1036 1404 1088 οἱ
1461 1035 1682 1103 ποιηταὶ
1744 1035 1836 1089 καὶ

152 1122 439 1193 ἀγεληΐδα,
487 1122 547 1178 τὸ
596 1123 698 1193 μὲν
752 1119 857 1178 ἀπὸ
903 1125 1004 1177 τοῦ
1058 1119 1316 1177 ἀλαλκεῖν
1371 1121 1713 1192 παράγοντες
1767 1154 1838 1162 —-

153 1210 313 1281 ἱκανὴ
354 1211 460 1281 γὰρ
493 1211 795 1282 ἐπαμύνειν
826 1210 938 1266 ἐστὶ
974 1210 1066 1264 καὶ
1097 1214 1505 1279 προσβοηθεῖν,
1547 1211 1600 1275 ἐξ
1642 1203 1708 1265 οὗ
1746 1212 1837 1265 καὶ

152 1304 298 1368 Νίκη
347 1299 812 1370 προσαγορεύεται
855 1331 949 1367 —-‚
994 1296 1056 1353 τὸ
1102 1295 1153 1352 δ’
1203 1297 1326 1368 ἤτοι
1373 1295 1480 1353 ἀπὸ
1528 1300 1630 1353 τοῦ
1681 1296 1838 1368 ἄγειν

151 1384 325 1457 αὐτὴν
371 1386 502 1451 τοὺς
548 1386 717 1450 λαοὺς
762 1383 794 1456 ἢ
844 1383 949 1441 ἀπὸ
998 1390 1099 1441 τοῦ
1147 1384 1470 1456 ἀδάμαστον
1525 1383 1669 1440 εἶναι
1719 1397 1840 1451 ταῖς

86 1493 127 1525 15
152 1473 431 1543 ἀγελαίαις
476 1475 676 1543 βουσὶν
726 1471 951 1543 ὁμοίως,
998 1471 1063 1538 ἃς
1108 1473 1345 1545 μάλιστα
1391 1471 1635 1528 θύουσιν
1683 1473 1839 1547 αὐτῇ.

150 1560 281 1626 τοὺς
336 1562 395 1616 δὲ
449 1561 654 1626 αὐλοὺς
708 1559 892 1633 εὑρεῖν
943 1562 1044 1632 μὲν
1097 1562 1310 1632 λέγεται
1364 1560 1616 1630 καθάπερ
1664 1555 1838 1618 τᾶλλα

152 1652 211 1704 ἐν
259 1660 376 1714 ταῖς
419 1651 634 1720 τέχναις
682 1649 967 1721 γλαφυρά,
1022 1648 1119 1720 ἀφ’
1165 1643 1232 1704 οὗ
1279 1650 1370 1704 καὶ
1411 1651 1686 1715 ἐπιστάτις
1741 1653 1839 1721 τῆς

150 1741 575 1807 ταλασιουργίας
608 1739 739 1806 ἐστι’,
771 1739 927 1808 ρ”ῖψαι
963 1737 1023 1792 δὲ
1055 1735 1129 1802 ὡς
1161 1737 1573 1807 ἐκθηλύνοντος
1602 1737 1701 1803 τὰς
1731 1750 1838 1803 ψυ-

151 1824 249 1894 χὰς
292 1828 392 1879 τοῦ
441 1822 515 1879 δι’
559 1822 744 1880 αὐτῶν
791 1823 1207 1896 ἀποδιδομένου
1254 1826 1454 1896 μέλους
1499 1825 1590 1879 καὶ
1642 1823 1837 1896 ἥκιστα

86 1929 129 1961 20
154 1912 433 1982 ἐπάνδρου
472 1913 561 1967 καὶ
601 1917 901 1983 πολεμικοῦ
942 1917 1245 1979 δοκοῦντος
1285 1912 1442 1968 εἶναι.
1509 1912 1542 1984 ἡ
1586 1912 1637 1968 δ’
1682 1916 1837 1969 ἐλαία

155 2003 338 2071 δῶρον
372 1998 509 2072 αὐτῇ
544 1999 637 2054 διά
671 2022 724 2056 τε
763 2000 824 2056 τὸ
865 2001 1099 2056 θάλλειν
1133 2002 1223 2056 καὶ
1265 2000 1357 2056 διὰ
1395 2000 1456 2056 τὸ
1500 2002 1835 2071 γλαυκωπόν

287 2107 323 2145 1.
375 2097 642 2158 ὠνόμασται
680 2104 769 2158 (-αι
807 2103 856 2147 in
895 2104 925 2147 l.
967 2117 1029 2148 er.
1069 2103 1130 2159 V)
1166 2103 1203 2148 Ο
1251 2099 1507 2160 ὠνομάσθη
1552 2104 1624 2148 Os.
1665 2106 1729 2149 ed.
1781 2131 1836 2138 —

154 2157 375 2214 καθάπερ
407 2156 431 2203 ὁ
466 2163 499 2212 ζ.
533 2161 597 2203 ab
638 2155 789 2215 ὥσπερ
829 2159 887 2216 δὴ
929 2161 1008 2204 καὶ
1048 2158 1071 2205 ὁ
1109 2164 1142 2215 ζ.
1177 2175 1200 2205 c
1231 2186 1287 2194 —
1324 2167 1363 2204 4.
1399 2159 1491 2219 [οἷ]
1532 2160 1764 2219 πάλληκες
1794 2181 1835 2209 κ.

153 2233 200 2262 π.
227 2232 249 2261 c
282 2244 335 2250 —
377 2223 415 2261 5.
457 2219 669 2270 ἵδρυνται
710 2217 762 2262 δὲ
798 2219 882 2276 [α.]
916 2219 967 2276 V¹
1013 2221 1225 2276 ἵδρυνται
1265 2217 1318 2264 δὲ
1352 2220 1440 2277 [α.]
1473 2221 1529 2264 N
1560 2222 1744 2276 ἵδρυται
1783 2222 1837 2266 δὲ

155 2275 242 2334 [α.]
273 2275 310 2320 b'
345 2277 469 2320 Eud.
502 2273 730 2332 ἤδρασται
761 2275 814 2321 δὲ
850 2278 934 2335 [α.]
970 2291 992 2321 c
1031 2304 1087 2310 —
1121 2285 1159 2324 7.
1199 2274 1381 2334 ἐφορᾶν
1413 2275 1592 2337 a'LV2
1629 2276 1747 2335 ὁρᾶν
1778 2281 1831 2339 Vl

153 2335 212 2378 bc
244 2331 432 2390 ἀφορᾶν
460 2336 531 2379 Os.
560 2358 614 2366 --
647 2338 686 2378 8.
721 2335 1082 2394 [προσ]πεφευγ.
1107 2335 1205 2382 a'V
1227 2363 1280 2368 —
1306 2332 1334 2392 ἢ
1368 2354 1405 2380 τ.
1432 2337 1497 2395 μ.]
1533 2336 1634 2381 εἶτα
1666 2355 1840 2394 μετεω-

154 2390 376 2448 ροτάτους
409 2407 431 2437 c
466 2420 515 2426 —-
551 2397 593 2437 8.
626 2398 666 2436 9.
702 2394 830 2452 παρ.]
864 2393 1171 2447 καθιστάντες
1203 2396 1228 2439 b
1269 2396 1500 2451 μεθιστᾶν
1532 2411 1554 2440 c
1587 2422 1643 2429 —-
1678 2402 1717 2442 9.
1752 2399 1836 2442 τοῦ

153 2446 272 2493 καθ’
314 2446 338 2493 ὃ
379 2450 522 2504 (καθὸ
564 2452 610 2506 α)
643 2453 706 2495 ab
749 2452 825 2510 [τ.]
866 2450 993 2496 καθὸ
1035 2468 1057 2497 c
1096 2452 1242 2510 αὐτῆς
1281 2451 1407 2498 καθὸ
1453 2453 1523 2499 Os.
1565 2457 1629 2500 ed.
1680 2481 1734 2488 --
1784 2453 1835 2526 [ᾗ

153 2504 339 2566 ἆθηνᾶ]
373 2523 395 2553 c
438 2537 486 2542 -
533 2514 597 2554 10.
640 2507 688 2552 οἷ
715 2511 904 2566 ποιηταὶ
936 2514 1127 2557 καλοῦσι
1152 2513 1228 2556 Lb
1263 2509 1333 2570 [οἴ
1359 2512 1427 2569 m]
1462 2530 1503 2557 κ.
1537 2527 1560 2557 c
1591 2539 1646 2546 —
1683 2519 1751 2559 13.
1784 2531 1835 2558 το

154 2562 203 2609 δ’
236 2564 339 2622 ἤτοι
365 2565 406 2611 α’
422 2568 474 2626 V5¹
510 2567 560 2612 τὸ
595 2566 648 2612 δέ
684 2585 727 2612 τι
760 2569 884 2612 lNB
923 2566 974 2614 τὸ
1013 2567 1059 2614 δ’
1097 2570 1164 2615 ἔτι
1196 2570 1239 2614 G
1277 2567 1329 2614 τὸ
1362 2568 1408 2614 δ’
1446 2568 1539 2615 ἐστὶ
1578 2572 1648 2616 Os.
1682 2574 1748 2617 ed.
1781 2571 1833 2617 τό

155 2623 207 2668 δὲ
250 2625 327 2683 [εκ]
362 2639 384 2670 c
418 2652 469 2658 —
514 2632 579 2670 14.
621 2623 808 2684 [αὐτὴν]
850 2628 922 2675 Os.
965 2654 1018 2661 -—
1062 2634 1129 2673 15.
1169 2626 1412 2684 ἀγελαίαις
1452 2629 1495 2672 V
1528 2627 1761 2684 ἄγελείαις
1793 2628 1836 2676 a'

154 2679 363 2738 ἀγελίαις
387 2685 497 2729 Lbc
528 2710 578 2716 —
616 2690 685 2730 16.
718 2683 939 2742 καθάπερ
964 2688 1042 2732 καὶ
1075 2681 1216 2732 τᾶλλα
1247 2688 1320 2732 Pe
1353 2714 1407 2720 —
1443 2693 1510 2732 19.
1543 2688 1835 2746 ἀποδεδομέ-

155 2757 239 2784 νου
265 2743 397 2791 (corr.
423 2742 471 2788 in
495 2740 680 2788 ἅποδιδ.
708 2744 750 2787 L
771 2744 847 2800 V.)
873 2747 955 2791 lbc
982 2773 1033 2778 —
1061 2752 1129 2790 21.
1157 2744 1310 2800 δῶρόν
1337 2743 1460 2791 ἐστιν
1485 2743 1630 2803 αὐτῆς
1654 2748 1834 2794 Eudae.

154 2801 195 2842 δ.
223 2791 342 2857 αὐτῇ
377 2797 470 2844 ἐστὶ
506 2803 577 2845 Os.
605 2802 669 2847 ed.
704 2828 757 2835 -—
791 2776 866 2847 (ἰεί
898 2802 1093 2849 θάλλειν
1137 2806 1191 2863 V2
1210 2805 1262 2861 P,

1966 165 1987 237 „mg
1951 0 1998 153 ,ΛΞΜ
