1998 3088
177 106 211 157 2
835 107 1211 151 KOPNOTTOT

180 227 320 279 ἔνιοι
360 224 425 279 δέ
460 237 634 293 φασιν
672 220 780 277 ἀπὸ
821 225 921 277 τοῦ
961 221 1127 293 ὠρεῖν
1165 221 1199 295 ἢ
1241 223 1474 298 ὠρεύειν
1519 224 1585 281 τὰ
1628 222 1787 294 ὄντα,
1836 223 1871 280 ὅ

178 313 292 367 ἐστι
323 310 641 382 φυλάττειν,
674 309 923 383 οὐρανὸν
954 314 1275 383 κεκλῆσθαι,
1311 312 1410 385 ἀφ’
1442 306 1510 369 οὗ
1533 313 1624 368 καὶ
1658 311 1686 369 ὁ
1721 320 1864 384 θυρ-

179 398 321 471 ωρὸς
366 398 672 471 ὠνομάσθη
720 400 813 454 καὶ
866 398 927 454 τὸ
976 405 1309 470 πολυωρεῖν·
1367 399 1525 456 ἄλλοι
1575 401 1637 456 δὲ
1692 398 1869 456 αὐτὸν

178 487 285 543 ἀπὸ
324 492 424 544 τοῦ
464 486 708 560 ὁρᾶσθαι
749 485 865 542 ἅνω
898 487 1313 558 ἐτυμολογοῦσι.
1377 495 1620 544 καλεῖται
1652 488 1714 544 δὲ
1754 487 1860 544 σὺν

134 593 155 626 5
177 579 346 631 πᾶσιν
387 571 469 641 οἷς
506 577 741 647 περιέχει
780 573 987 646 κόσμος
1025 571 1132 631 άπὸ
1173 578 1274 630 τοῦ
1311 575 1575 631 κάλλιστα
1614 579 1861 632 διακεκο-

178 668 442 735 σμῆσθαι.
504 663 651 728 τινες
690 662 752 719 δὲ
789 666 903 719 τῶν
941 667 1187 734 ποιητῶν
1207 663 1483 735 ’Ἄκμονος
1523 669 1737 735 ἔφασαν
1770 663 1870 720 αὐ-

176 752 275 809 τὸν
328 751 455 808 υἱὸν
515 749 683 822 εἶναι,
744 750 806 807 τὸ
862 750 1108 823 ἄκμητον
1169 755 1265 822 τῆς
1326 755 1631 825 περιφορᾶς
1691 751 1867 808 αὐτοῦ

176 842 572 912 αἰνιττόμενοι,
613 836 646 911 ἢ
679 838 1052 912 προλαβόντες
1092 838 1176 896 ὅτι
1215 839 1508 913 ἄφθαρτός
1544 843 1657 897 ἐστι
1695 844 1863 897 τοῦτο

175 932 469 1001 παριστᾶσι
510 927 603 984 διὰ
642 931 738 999 τῆς
777 931 1157 1000 ἐτυμολογίας
1197 931 1525 1001 κεκμηκέναι
1564 929 1670 1002 γὰρ
1710 930 1863 1000 λέγο-

116 1033 158 1065 10
183 1040 283 1090 μεν
321 1040 452 1082 τους
490 1016 947 1087 τετελευτηκότας.
1009 1015 1146 1104 ἣδε
1186 1015 1349 1073 οὐσία
1388 1016 1562 1074 αὐτοῦ
1600 1015 1864 1088 πυρώδης

174 1107 342 1177 ἐστίν,
377 1103 451 1170 ὥς
475 1108 647 1177 δῆλον
673 1107 731 1160 ἐκ
761 1109 862 1161 τοῦ
887 1071 1053 1176 ἡλίου
1077 1107 1221 1161 καὶ’
1195 1128 1253 1162 εκ
1276 1109 1387 1161 τῶν
1414 1105 1599 1161 άλλων
1625 1104 1867 1175 ἄστρων.

175 1193 314 1250 όθεν
352 1195 444 1249 καὶ
484 1193 656 1266 αἰθὴρ
690 1196 897 1266 ἐκλήθη
936 1193 997 1250 τὸ
1041 1193 1287 1260 ἐξωτάτω
1320 1195 1486 1265 μέρος
1516 1197 1619 1250 τοῦ
1649 1193 1864 1264 κόσμου

175 1281 282 1339 ἀπὸ
321 1286 423 1338 τοῦ
461 1289 751 1339 αἴθεσθαι·
798 1281 944 1347 τινὲς
985 1283 1051 1338 δέ
1086 1298 1260 1353 φασιν
1305 1280 1413 1337 άπὸ
1462 1285 1563 1337 τοῦ
1609 1279 1695 1336 ἀεὶ
1733 1289 1863 1337 θεῖν

176 1369 352 1435 οὕτως
390 1369 564 1426 αὐτὸν
605 1368 964 1441 ὠνομάσθαι,
1006 1368 1037 1424 ὅ
1078 1371 1190 1426 ἐστι
1231 1371 1393 1443 ῥοίζῳ
1428 1371 1715 1440 φέρεσθαι.
1772 1370 1864 1424 καὶ

110 1471 152 1505 15
175 1459 241 1514 τὰ
279 1457 453 1531 ἄστρα
491 1457 596 1530 γὰρ
638 1458 812 1514 οἱονεὶ
856 1456 1062 1512 ἄστατά
1102 1459 1253 1513 ἐστιν
1293 1455 1365 1521 ὡς
1405 1456 1668 1513 οὐδέποτε
1717 1456 1866 1512 ἱστά-

173 1569 338 1619 μενα,
380 1544 500 1602 ἀλλ’
537 1545 623 1601 ἀεὶ
653 1546 972 1617 κινούμενα.
1036 1544 1270 1616 εὔλογον
1304 1545 1366 1601 δὲ
1402 1547 1494 1601 καὶ
1526 1544 1654 1611 τοὺς
1684 1545 1857 1611 θεοὺς

173 1633 279 1690 άπὸ
321 1638 416 1706 τῆς
446 1634 695 1700 θεύσεως
727 1635 1016 1705 ἐσχηκέναι
1046 1632 1149 1704 τὴν
1180 1637 1583 1705 προσηγορίαν·
1635 1636 1859 1703 πρῶτον

173 1722 279 1794 γὰρ
322 1725 378 1778 οἱ
419 1721 641 1794 ἀρχαῖοι
686 1723 857 1786 θεοὺς
902 1719 1298 1793 ὑπελάμβανον
1336 1720 1480 1776 εἶναι
1528 1717 1624 1786 οὓς
1673 1722 1865 1792 ἑώρων

173 1810 534 1876 ἀδιαλείπτως
588 1812 957 1883 φερομένους,
1015 1814 1225 1875 αἰτίους
1279 1806 1483 1874 αὐτοὺς
1535 1813 1864 1882 νομίσαντες

110 1911 153 1944 20
177 1898 320 1955 εἶναι
359 1903 472 1955 τῶν
510 1902 611 1954 τοῦ
651 1896 814 1971 άέρος
845 1900 1165 1970 μεταβολῶν
1196 1898 1287 1953 καὶ
1318 1901 1415 1969 τῆς
1446 1902 1718 1969 σωτηρίας
1755 1900 1868 1952 τῶν

298 2110 336 2149 1.
377 2101 516 2174 αἱρεῖν
535 2102 713 2176 (ὦρεῖν
747 2105 815 2175 X)
841 2120 870 2149 a
902 2101 951 2148 (ὅ.
986 2101 1132 2148 αὐτὸν
1164 2105 1189 2148 b
1229 2100 1347 2159 ὁρᾶν
1378 2099 1525 2146 αὐτὸν
1557 2116 1580 2147 c
1612 2128 1666 2134 —-
1699 2097 1748 2159 ἢ]
1783 2102 1866 2146 καὶ

180 2164 289 2221 PV
334 2189 388 2195 —
429 2160 486 2207 τὰ
532 2159 646 2206 ὄντα
685 2178 715 2208 a
763 2161 820 2207 τὰ
860 2164 959 2219 (sed.
1004 2164 1094 2208 hoc
1141 2163 1189 2207 in
1235 2162 1339 2206 loco
1387 2174 1512 2206 eraso
1559 2162 1606 2205 et
1650 2175 1788 2217 supra
1834 2178 1865 2205 α

179 2222 367 2279 spiritus
398 2221 516 2266 lenis
548 2235 704 2266 erasus
743 2222 927 2266 videtur
963 2222 1014 2266 in
1043 2222 1112 2278 N)
1150 2217 1304 2264 πάντα
1337 2221 1412 2291 bc,
1433 2246 1488 2252 —
1529 2225 1569 2263 2.
1611 2222 1866 2264 καλεῖσθαι

179 2283 237 2326 bc
254 2308 308 2313 —
327 2285 366 2327 5.
393 2285 431 2324 6.
457 2282 820 2336 διακοσμεῐσθαι
844 2282 904 2325 bc
929 2307 983 2312 —
1009 2286 1050 2325 6.
1077 2285 1116 2325 7.
1143 2277 1327 2335 ἔφασαν
1353 2274 1500 2323 αυτὸν
1524 2278 1691 2322 ΝΧΡ
1714 2274 1863 2322 αὐτὸν

178 2339 361 2396 ἔφασαν
393 2339 511 2383 ch
543 2337 728 2394 ἔφασαν
749 2339 849 2410 [.α]
882 2337 922 2383 b'
955 2364 1010 2372 —
1054 2344 1094 2383 7.
1136 2353 1171 2382 ε.
1204 2355 1246 2382 υ.
1278 2338 1337 2382 bc
1367 2363 1425 2370 —
1464 2337 1726 2394 περιφορᾶς
1760 2333 1862 2392 [αὖ-

175 2399 280 2456 τοῦ]
315 2399 372 2443 bc
397 2424 451 2430 -
477 2403 517 2443 8.
551 2395 875 2468 ὑπολαβόντες
892 2399 951 2442 bc
982 2423 1037 2430 —
1071 2402 1112 2444 9.
1143 2397 1393 2470 παριστᾶσι
1427 2399 1639 2452 (παραστ.
1660 2396 1727 2467 X)
1752 2395 1808 2438 N
1813 2396 1866 2440 X

175 2456 427 2528 παριστῶσι
458 2471 487 2500 a
487 2452 606 2500 ''lbc
646 2481 701 2488 —-
736 2460 803 2501 11.
845 2452 907 2507 ὥς
947 2457 1088 2512 δῆλον
1127 2455 1208 2499 καὶ
1249 2451 1300 2499 ἐκ
1340 2472 1376 2499 τ.
1419 2473 1459 2511 η.
1493 2470 1523 2499 a
1562 2481 1616 2487 —
1656 2451 1861 2527 άστρων]

175 2512 290 2571 ασῐᾷ
320 2515 349 2560 i.
386 2529 422 2559 e
456 2511 663 2570 ἀστέρων
699 2513 742 2558 G
778 2513 902 2560 Gale.
933 2515 1012 2559 sed
1044 2514 1163 2559 conf.
1187 2514 1305 2558 Plat.
1331 2513 1448 2559 Tim.
1477 2518 1569 2558 38e
1598 2538 1649 2545 -
1687 2517 1755 2557 12.
1791 2508 1863 2565 ἐξ-

177 2633 356 2661 ωτατον
391 2618 532 2662 lee
563 2643 620 2650 —
654 2622 720 2662 13.
755 2615 850 2662 αἰεὶ
879 2617 1042 2675 NLV2
1061 2618 1182 2661 XM
1207 2644 1261 2650 —-
1297 2622 1365 2663 15
1394 2614 1488 2665 αςα
1517 2617 1606 2660 VP
1627 2602 1702 2663 ἆςα
1715 2617 1802 2687 M
1806 2642 1861 2647 —-

178 2675 294 2720 εἰσιν
319 2677 345 2721 b
378 2674 466 2720 εἰσι
497 2690 520 2721 c
550 2701 607 2709 —
642 2681 709 2720 17.
747 2674 928 2726 θέσεως
964 2677 1131 2720 XLbc
1163 2701 1218 2709 —
1261 2681 1328 2721 18.
1368 2674 1605 2746 ὑπέλαβον
1637 2690 1666 2719 α
1698 2701 1748 2706 -
1779 2670 1862 2718 ἑώ-

177 2751 270 2791 ρων
301 2734 415 2780 Gale
454 2734 985 2805 cf.P1at.Orassy1.397
1018 2734 1058 2777 D
1094 2727 1240 2805 εὗρον
1271 2735 1308 2779 0
1350 2762 1403 2768 ——
1443 2740 1509 2779 19.
1551 2729 1863 2784 ἀδιαλείπτως

178 2796 313 2850 (-πως
344 2793 405 2850 P)
437 2808 466 2838 a
497 2789 802 2844 αδιαπτωτως
833 2795 858 2839 b
890 2789 1215 2844 ἅδιαπτωτους
1247 2807 1270 2838 o
