1998 3088
843 143 1177 188 EIIIAPOMH.
1777 147 1845 197 41

165 269 344 331 αιρεῖν
383 255 416 329 ἢ
464 257 573 314 άπὸ
622 261 720 329 τῆς
765 256 928 331 άρῆς,
974 257 1008 330 ἤ
1049 260 1162 315 ἐστι
1202 260 1408 331 βλάβη,
1449 258 1483 331 ἢ
1522 263 1689 317 πάλιν
1729 261 1845 318 κατ’

165 349 519 415 ἐναντίωσιν,
560 345 764 402 ὡσανεὶ
797 348 1297 418 ἐκμειλισσομένων
1329 347 1503 404 αὐτὸν
1534 352 1646 404 τῶν
1685 368 1852 421 προσ-

163 434 611 507 αγορευσάντων·
667 433 1017 500 διαστατικὸς
1063 435 1169 506 γὰρ
1216 437 1307 491 καὶ
1357 437 1691 508 λυμαντικός
1738 443 1852 495 τῶν

163 524 676 595 προσηρμοσμένων
719 527 951 594 [γίνεται
993 517 1097 579 οὖν
1128 521 1236 579 άπὸ
1272 528 1371 580 τοῦ
1404 524 1594 597 άρσαι,
1635 524 1667 581 ὅ
1702 528 1852 582 ἐστιν

162 610 452 684 ἁρμόσαι],
497 611 760 667 τοιούτου
804 610 942 682 τάχα
987 634 1140 678 τινος
1178 614 1440 685 ἐχομένης
1478 614 1569 668 καὶ
1600 617 1697 684 τῆς
1730 613 1851 686 Ἀρ-
1875 630 1897 663 5

163 704 382 771 μονίας,
420 696 492 770 ἢν
532 699 853 770 ἐμύθευσαν
893 700 948 765 ἐξ
981 698 1156 755 αὐτοῦ
1188 702 1467 771 γενέσθαι.
1530 702 1752 766 εἰκότως
1792 703 1853 757 δὲ

161 788 253 842 καὶ
292 787 591 859 μιαιφόνος
622 789 836 858 λέγεται
874 788 967 842 καὶ
1007 788 1393 859 βροτολοιγός,
1430 788 1523 843 καὶ
1561 787 1855 856 άλαλάξιος

161 877 254 931 καὶ
293 878 590 947 βριήπυος,
627 880 885 948 μεγίστης
924 877 986 931 ἐν
1025 888 1145 941 ταῖς
1183 876 1553 948 παρατάξεσιν
1591 875 1700 933 ὑπὸ
1739 883 1852 933 τῶν

162 965 494 1037 μαχομένων
539 962 842 1035 άφιεμένης
888 967 1108 1035 φωνῆς,
1159 962 1298 1019 ὅθεν
1349 965 1440 1019 καὶ
1493 962 1662 1030 ὅνους
1710 965 1854 1030 τινὲς

162 1051 311 1128 αὐτῷ
353 1051 722 1125 σφαγιάζουσι
759 1051 853 1107 διὰ
891 1051 954 1108 τὸ
994 1055 1311 1124 ταραχῶδες
1342 1054 1434 1108 καὶ
1474 1052 1721 1124 γεγωνὸν
1758 1057 1855 1124 τῆς
1879 1076 1920 1107 ιο

162 1140 463 1213 ὀγκήσεως,
506 1144 564 1197 οἱ
597 1147 844 1196 πλεῖστοι
885 1140 956 1200 δὲ
976 1139 1149 1206 κύνας
1180 1140 1274 1195 διὰ
1306 1140 1367 1196 τὸ
1400 1141 1587 1213 θρασὺ
1618 1142 1711 1196 καὶ
1746 1144 1855 1198 ἐπι·

161 1228 388 1285 θετικὸν
427 1231 528 1284 τοῦ
568 1228 723 1304 ζῴου.
801 1232 1072 1300 τιμᾶσθαι
1115 1227 1166 1283 δ’
1203 1226 1311 1284 ὑπὸ
1345 1233 1580 1303 Θρᾳκῶν
1619 1229 1854 1301 μάλιστα

161 1318 253 1372 καὶ
277 1320 530 1373 Σκυθῶν
558 1317 651 1372 καὶ
679 1320 793 1372 τῶν
817 1315 1090 1372 τοιούτων
1116 1319 1305 1373 ἐθνῶν
1337 1319 1574 1388 λέγεται,
1612 1317 1741 1387 παρ’
1772 1314 1855 1384 οἷς

162 1404 195 1477 ἡ
235 1410 349 1462 τῶν
387 1408 700 1476 πολεμικῶν
740 1403 970 1475 ἄσκησις
1001 1403 1287 1476 εὐδοκιμεῖ
1313 1406 1406 1460 καὶ
1443 1404 1505 1461 τὸ
1540 1404 1854 1477 ἀνεπιστρε-

163 1495 262 1564 φὲς
298 1497 396 1564 τῆς
434 1497 607 1563 δίκης.
667 1496 816 1563 γῦπα
849 1490 901 1546 δ’
933 1493 1086 1563 ἱερόν
1118 1491 1499 1563 φασινάὐτοῦ
1526 1492 1688 1564 ὄρνιν
1711 1493 1853 1550 εἶναι
1877 1514 1921 1547 15

164 1582 257 1638 διὰ
295 1581 357 1637 τὸ
396 1580 716 1647 πλεονάζειν
757 1578 901 1636 ὅπου
939 1579 1063 1636 πότ’
1100 1578 1171 1636 ἂν
1203 1581 1464 1652 πτώματα
1494 1581 1671 1638 πολλὰ
1705 1581 1854 1654 ἀρηΐ-

163 1678 374 1742 φθορα,
395 1663 450 1743 ᾖ.

275 1838 315 1872 e.
353 1820 438 1872 22.
509 1815 669 1872 ΛΜετὰ
717 1816 778 1872 δὲ
816 1818 988 1871 ταῦτα
1027 1815 1152 1887 περὶ
1194 1819 1294 1870 τοῦ
1337 1809 1859 1872 ΠΟΣΕΙΔΩΝΟΣ

164 1899 206 1961 ὦ
246 1916 370 1975 παῖ,
410 1905 645 1960 λεκτέον.
720 1908 1041 1976 προείρηται
1079 1903 1182 1974 μὲν
1223 1901 1306 1958 ὅτι
1346 1902 1375 1959 ὁ
1418 1902 1585 1970 αὐτός
1623 1906 1737 1959 ε’στι
1786 1908 1851 1977 τῇ

161 1993 461 2066 τεταγμένῃ
501 1992 638 2049 κατὰ
674 1991 734 2048 τὸ
768 1991 945 2063 ὑγρὸν
986 1991 1247 2063 δυνάμει,
1287 1995 1395 2047 νῦν
1429 1992 1490 2048 δὲ
1522 2001 1852 2064 παραμυθη-
1875 2027 1919 2059 20

162 2083 289 2137 τέον
327 2085 508 2137 τοῦτο.
569 2089 791 2153 πρῶτον
830 2080 932 2151 μὲν
974 2073 1078 2135 οὖν
1117 2079 1393 2150 φυτάλιον
1434 2078 1608 2136 αὐτὸν
1646 2080 1850 2136 ἐπωνό-

163 2186 373 2241 μασαν,
413 2168 600 2240 ἐπειδὴ
634 2172 735 2224 τοῦ
776 2168 1023 2239 φύεσθαι
1063 2166 1128 2223 τὰ
1170 2169 1228 2223 ἐκ
1267 2170 1367 2238 γῆς
1405 2167 1679 2239 γενόμενα
1718 2166 1751 2239 ἡ
1792 2170 1852 2224 ἐν

283 2307 320 2346 1.
356 2296 661 2371 ὅέστιΝᾏὺ
684 2296 1108 2372 —BlolfingN2b'
1150 2325 1205 2332 -
1247 2305 1288 2344 2.
1325 2296 1775 2357 αυτῶνΝο-2.
1810 2305 1849 2345 3.

162 2358 607 2430 προσαγορευόντων
646 2373 670 2404 c
707 2385 764 2393 —
804 2364 844 2404 4.
885 2374 1028 2430 αρσαι
1058 2360 1084 2403 b
1124 2385 1179 2391 —
1222 2364 1261 2403 5.
1294 2355 1526 2429 ἁρμόσαι]
1564 2333 1698 2403 ¹addi1:
1735 2373 1780 2403 c·
1819 2356 1848 2412 ἡ

161 2416 252 2475 γὰρ
284 2415 506 2475 δραστικὴ
541 2416 742 2487 δύναμις
771 2415 1084 2474 προσαρμόζει
1114 2415 1171 2461 τά
1211 2414 1463 2487 πράγματα
1495 2442 1549 2450 -
1592 2413 1851 2486 εὐχομένης

161 2477 230 2535 Ν,
243 2478 268 2522 b
301 2502 355 2511 —
389 2482 429 2522 8.
485 2474 690 2549 ριήπυος
721 2478 855 2522 Hom.
882 2480 934 2521 N
955 2482 1037 2521 521
1074 2472 1289 2533 βριήπιος
1322 2478 1346 2520 b
1380 2473 1574 2534 βοήπιος
1605 2491 1636 2520 a
1665 2474 1867 2533 fndmog.

163 2549 187 2581 c
217 2562 271 2568 -—
305 2541 345 2581 8.
379 2541 419 2581 9.
475 2533 568 2580 ὑπὸ
599 2537 691 2579 τῶν
723 2535 1023 2607 μαχομένων]
1057 2550 1108 2588 ας
1150 2535 1206 2592 V²
1246 2536 1295 2578 in
1334 2536 1547 2604 margine
1575 2534 1763 2592 supplet
1795 2559 1850 2566 —

164 2599 204 2639 9.
231 2593 353 2646 τινες
376 2591 506 2638 ‘nal'
481 2611 622 2645 ονους
637 2594 718 2639 Lb
742 2596 828 2639 καί
846 2610 969 2645 τινες
990 2609 1130 2644 ονους
1152 2608 1176 2638 c
1199 2619 1252 2627 —
1282 2598 1348 2638 10.
1375 2592 1611 2668 γεγωνὸν
1607 2595 1667 2637 Α.
1683 2593 1851 2637 Nauck

164 2651 368 2709 γεγωνὸς
398 2653 626 2728 (γεγονὸς.
632 2653 692 2710 G)
720 2653 757 2697 O
782 2679 837 2686 —
873 2658 940 2698 14
973 2649 1002 2708 ἡ
1027 2653 1122 2696 τῶν
1145 2652 1410 2709 πολεμικῶν
1433 2648 1475 2696 a'
1493 2652 1566 2724 V2
1582 2650 1734 2708 ῥητῶν
1765 2667 1848 2695 πο-

163 2713 362 2782 λεμικῶν
392 2713 467 2757 Nl
505 2710 657 2783 ῥἠτῶν
695 2710 911 2768 πολέμων
949 2712 1015 2769 Ν,ι
1030 2708 1068 2755 b'
1110 2711 1204 2754 τῶν
1241 2711 1505 2780 πολεμικῶν
1533 2707 1573 2783 ἡ
1615 2725 1638 2754 c
1677 2735 1731 2742 —
1779 2714 1846 2752 15.

165 2787 315 2815 αυτου
349 2771 411 2815 M
426 2771 483 2828 V,
525 2768 651 2842 αὐτῷ
685 2775 780 2815 cett.
814 2796 870 2803 —
906 2776 973 2815 16.
999 2744 1300 2840 πλεονάζειν]
1333 2772 1404 2812 πλ.
1438 2765 1494 2812 τὰ
1527 2766 1670 2823 ὄρνεα
1700 2769 1848 2811 ταῦτα

166 2842 189 2872 c
212 2855 264 2861 —
294 2834 360 2874 17.
393 2822 422 2887 ᾖ
447 2827 489 2874 α’
510 2830 565 2888 V2
602 2826 717 2874 ὄντα
741 2830 816 2874 ΝΖ
848 2820 931 2872 ῶσι
962 2829 1029 2886 N2
1043 2824 1081 2872 b'
1115 2825 1230 2871 ὄντα
1262 2828 1472 2872 anteced.
1506 2829 1579 2882 εἴη
1609 2823 1754 2882 πτώμ.
1780 2839 1804 2869 c
