1998 3088
4 551 28 627 ’ν’-Δ
9 504 12 522 ”
10 465 11 470 ⁴
11 339 24 397 .-..

852 163 1184 206 ΕΙΠΔΡΟΜΗ.
1792 165 1859 218 57

169 279 452 353 ρεύοντες,
492 277 681 350 ἐπειδὴ
714 277 1007 350 χρυσωπός
1046 279 1159 333 ἐστι
1191 279 1284 333 καὶ
1317 281 1418 346 ἔξω
1449 282 1697 345 πένθους
1726 289 1862 336 καθ-

167 366 338 433 εστὼς
368 365 463 423 διὰ
502 365 606 439 τὴν
638 364 968 437 ἁγνότητα]·
1010 364 1230 436 Δήλιον
1265 366 1327 423 δὲ
1357 366 1529 423 αὐτόν
1563 366 1862 440 ὠνόμασαν

165 457 259 512 καὶ
303 461 558 511 Φαναῖον
597 451 705 510 ἀπὸ
750 456 851 509 τοῦ
898 456 1218 524 δηλοῦσθαι
1268 454 1342 510 δι’
1387 455 1563 511 αὐτοῦ
1611 454 1677 511 τὰ
1727 455 1863 512 ὅντα

164 546 258 601 καὶ
289 548 626 615 φωτίζεσθαι
649 541 750 599 τὸν
775 541 1006 613 κόσμον,
1040 540 1114 608 ὡς
1142 543 1235 598 καὶ
1261 542 1569 615 Ἀναφαίου
1596 543 1862 600 Ἀπόλλω-

165 655 265 699 νος
297 631 450 705 ἱερὸν
485 631 814 703 ἱδρύσαντο,
853 632 954 685 τοῦ
994 630 1410 702 ἆναφαίνοντος
1440 631 1643 688 πάντα·
1680 632 1856 707 τούτῳ
1883 650 1905 682 5

167 720 220 778 δ’
248 721 602 794 ἠκολούθησε
631 720 722 775 καὶ
753 718 816 775 τὸ
847 717 949 790 τὴν
976 723 1173 789 Δῆλον
1197 720 1289 774 καὶ
1309 719 1558 792 Ἀνοὲφην
1585 719 1735 792 ἱερὰς
1767 719 1863 776 αὐ-

164 813 266 867 τοῦ
298 812 657 880 νομισθῆναι.
700 811 794 863 δια
832 806 894 862 δὲ
919 806 1021 862 τὸν
1046 808 1342 878 εἰρημένον
1367 807 1725 879 σαφηνισμόν
1748 812 1862 863 τῶν

163 897 507 970 πραγμάτων
537 898 630 952 καὶ
660 894 764 968 τὴν
796 894 1070 968 μαντικὴν
1096 893 1245 969 αὐτῷ
1269 899 1567 967 προσῆψαν
1598 898 1691 952 καὶ
1716 895 1862 967 εὑρε-

164 988 368 1043 θέντος
398 991 496 1042 τοῦ
529 987 591 1041 ἐν
623 992 873 1056 Δελφοῖς
911 988 1170 1056 μαντείου
1211 988 1308 1042 τὸν
1341 983 1662 1041 Ἀπόλλωνα
1698 1000 1865 1055 προσ-

166 1074 468 1146 ωνόμασαν
499 1072 733 1129 Πύθιον
772 1071 881 1128 ἀπὸ
909 1074 1011 1128 τοῦ
1043 1075 1210 1143 δεῦρο
1245 1073 1586 1144 ἐρχομένους
1608 1072 1739 1138 τοὺς
1770 1069 1862 1127 ἄν·
1888 1091 1931 1123 10

164 1162 432 1236 θρώπους
459 1161 859 1218 πυνθάνεσθαι
883 1160 950 1216 τὰ
980 1159 1114 1216 καθ’
1153 1160 1406 1226 ἑαυτούς·
1446 1162 1644 1232 ἐλέχθη
1680 1160 1742 1216 δὲ
1772 1161 1863 1215 καὶ

165 1250 194 1307 ὁ
228 1251 397 1316 τόπος
429 1248 680 1322 ὀμφαλὸς
710 1253 806 1321 τῆς
835 1252 936 1320 γῆς
969 1247 1070 1321 οὐχ
1104 1247 1177 1315 ὡς
1208 1253 1532 1320 μεσαίτατος
1563 1245 1642 1304 ὢν
1676 1246 1864 1319 αὐτῆς,

164 1339 288 1396 ἀλλ’
326 1338 434 1395 ἀπὸ
474 1342 571 1411 τῆς
610 1337 1020 1409 ἀναδιδομένης
1061 1339 1123 1392 ἐν
1163 1334 1312 1413 αὐτῷ
1348 1335 1553 1408 ὀμφῆς,
1592 1333 1711 1408 ἥτις
1750 1336 1864 1391 ἐστὶ

163 1433 295 1484 θεία
328 1427 505 1499 φωνή.
567 1429 747 1494 λοξῶν
782 1426 844 1481 δὲ
873 1426 966 1481 καὶ
999 1429 1343 1497 περισκελῶν
1376 1423 1558 1481 ὄντων
1590 1428 1704 1480 τῶν
1735 1446 1864 1495 χρη-

165 1519 340 1588 σμῶν,
367 1512 465 1580 οὓς
489 1518 706 1585 δίδωσι,
724 1517 909 1581 λοξίας
932 1512 1252 1584 ὠνόμασται
1271 1517 1312 1581 [·
1335 1510 1369 1584 ἢ
1395 1511 1500 1568 ἀπὸ
1526 1515 1623 1584 τῆς
1639 1510 1861 1582 λοξότη-
1887 1535 1931 1568 15

163 1627 258 1671 τος
287 1607 388 1676 τῆς
415 1607 665 1675 πορείας,
697 1600 770 1673 ἣν
794 1612 1031 1656 ποιεῖται
1057 1599 1150 1656 διὰ
1181 1602 1283 1655 τοῦ
1310 1603 1583 1674 ζῳδιακοῦ
1612 1599 1863 1668 κύκλου]

165 1691 433 1765 μουσικὸς
480 1691 541 1746 δὲ
593 1691 686 1746 καὶ
733 1686 1064 1760 κιθαριστὴς
1108 1691 1468 1758 παρεισῆκται
1513 1689 1588 1762 τῷ
1635 1685 1864 1756 κρούειν

167 1784 513 1853 ε’ναρμονίως
550 1782 662 1834 πᾶν
699 1779 865 1851 μέρος
903 1780 1005 1833 τοῦ
1043 1776 1259 1847 κόσμου
1297 1777 1388 1831 καὶ
1430 1773 1691 1846 συνῳδὸν
1722 1772 1859 1829 αὐτὸ

164 1874 303 1926 πᾶσι
344 1881 460 1935 τοῖς
499 1868 689 1933 ἄλλοις
728 1868 916 1938 μέρεσι
954 1877 1163 1934 ποιεῖν,
1203 1867 1474 1936 μηδεμιᾶς
1507 1861 1736 1931 [αὐτῶν]
1779 1863 1861 1917 ε’κ-

165 1962 384 2031 μελείας
422 1959 482 2013 ἐν
517 1968 634 2022 τοῖς
675 1949 802 2011 οὖσι
841 1954 1256 2026 θεωρουμένης,
1296 1950 1436 2007 ἀλλὰ
1476 1951 1569 2006 καὶ
1606 1949 1708 2022 τὴν
1746 1954 1860 2006 τῶν
1884 1975 1930 2007 20

164 2046 390 2120 χρόνων
434 2044 571 2117 πρὸς
619 2043 892 2115 ἀλλήλους
938 2045 1283 2114 συμμετρίαν
1331 2038 1412 2096 ἐπ’
1458 2038 1631 2110 ἄκρον
1679 2036 1754 2103 ὡς
1800 2040 1860 2094 ἐν

167 2138 410 2208 ῥυθμοῖς
458 2137 765 2206 τηροῦντος
816 2130 990 2187 αὐτοῦ
1035 2130 1126 2186 καὶ
1173 2128 1271 2194 τὰς
1309 2131 1422 2184 τῶν
1471 2126 1623 2203 ζῴων
1670 2125 1862 2197 φωνὰς

164 2267 372 2326 χρῆσθαι
404 2281 433 2311 a
465 2291 520 2299 —
553 2262 850 2324 χρυσοκόμαν
884 2267 1083 2321 (χρυσεκ.
1116 2262 1172 2306 Ν
1177 2262 1262 2317 W)
1287 2262 1371 2306 lbc
1401 2256 1696 2318 χρυσοκόμην
1728 2254 1770 2302 α’
1805 2284 1859 2290 -

165 2322 485 2382 ἄκειροκόμαν
525 2324 562 2370 b'
605 2320 919 2381 ἀκειρεκόμην
957 2338 987 2366 a
1026 2347 1081 2354 --
1123 2326 1163 2365 6.
1205 2319 1369 2378 δῆλον]
1412 2316 1556 2376 δήλην
1594 2318 1669 2361 ΝΖ
1715 2317 1860 2372 δῆσον

167 2386 210 2431 G
241 2409 299 2418 —
331 2389 371 2427 6.
407 2389 446 2429 7.
480 2381 606 2445 αὐτῷ
639 2399 663 2429 c
694 2409 748 2416 —
782 2387 822 2428 8.
858 2387 898 2428 9.
932 2377 1216 2436 εὑρεθέντος
1247 2379 1330 2423 τοῦ
1366 2375 1417 2423 ἐν
1442 2383 1497 2422 Δ.
1531 2377 1752 2433 μαντείου
1776 2374 1858 2419 τὸν

162 2440 419 2490 Ἀπόλλωνα
451 2443 597 2488 Schm.
632 2439 834 2499 εὑρεθὲν
864 2437 917 2485 τὸ
952 2456 987 2484 ε.
1022 2444 1077 2483 Δ.
1111 2443 1333 2496 μαντεῖον
1364 2437 1427 2494 τῷ
1458 2432 1699 2480 Ἀπόλλωνι
1733 2433 1771 2476 O
1804 2459 1858 2465 —

166 2509 206 2548 9.
235 2509 302 2548 10.
337 2500 670 2560 προσωνόμασε
698 2503 714 2546 l
743 2496 1134 2556 προσωνόμασται
1162 2497 1207 2540 Ρ
1229 2522 1287 2528 -
1321 2501 1389 2540 12.
1424 2495 1705 2552 μεσαίτατον
1730 2493 1771 2535 Ρ
1802 2515 1882 2524 -«

168 2569 236 2607 13.
269 2558 366 2606 ἀπὸ
401 2560 521 2619 [τῆς]
554 2558 903 2617 ἄναδιὸομένης
946 2558 1091 2614 (-δεδ-
1133 2556 1211 2613 V1)
1244 2571 1273 2599 a
1305 2581 1359 2587 —-
1396 2560 1463 2599 14.
1499 2550 1689 2611 [ὄντων]
1722 2551 1778 2594 Ν
1803 2575 1856 2583 --

168 2625 236 2667 18.
277 2617 490 2665 συνωδὸν
532 2620 604 2665 Os.
645 2621 711 2665 ed.
753 2614 955 2663 συνοδὸν
992 2616 1038 2659 Ρ
1071 2612 1273 2659 σύνοδον
1313 2618 1408 2658 cett.
1452 2639 1506 2645 —
1552 2607 1669 2655 αὐτὰ
1710 2611 1856 2654 Schm.

166 2676 313 2724 αὐτὸν
349 2663 386 2720 0
422 2706 476 2712 —
515 2685 583 2724 19.
648 2675 828 2736 αὐτῶν]
866 2676 1011 2721 Schm.
1053 2671 1200 2718 αὐτὸν
1231 2672 1287 2716 N
1290 2687 1314 2717 c
1344 2668 1493 2716 αὐτοὺ
1527 2670 1594 2727 N²
1638 2665 1782 2712 αὐτοῦ
1817 2662 1855 2710 b'

167 2765 222 2772 —
250 2744 319 2783 21.
349 2731 427 2780 ἔπ’
443 2734 590 2793 ἄκρον
658 2752 692 2783 s.
721 2733 797 2782 ἐπ’
817 2732 965 2803 ἄκρου
990 2747 1013 2777 c
1036 2728 1295 2803 ᾇπ’·ἅκρον
1312 2731 1390 2801 HJ
1413 2725 1497 2800 oin:
1517 2726 1674 2798 ᾄκρων
1691 2724 1802 2796 aLV2
1816 2722 1853 2769 b'

167 2823 225 2830 —
257 2803 327 2842 22.
353 2826 383 2832 —
407 2813 452 2854 p.
479 2802 558 2853 68,
580 2804 622 2842 3.
655 2795 736 2840 καὶ
767 2792 852 2846 τὰς
875 2810 967 2837 των
993 2794 1122 2845 ζωων
1147 2806 1310 2846 φωνας
1334 2806 1399 2832 ων
1425 2804 1570 2838 αυτος
1593 2803 1683 2830 των
1708 2788 1855 2827 αλλων

168 2854 394 2913 σωμάτων
424 2853 616 2913 ψόφους
650 2854 694 2900 οἳ
725 2850 770 2910 (ἢ
804 2854 872 2908 N3
908 2849 957 2895 οἷ
986 2851 1047 2906 P)
1087 2846 1166 2894 διὰ
1199 2845 1251 2891 τὸ
1290 2848 1598 2904 ξηραίνεσθαι
1630 2844 1857 2900 χρησίμως

1532 2918 1591 2961 5*
