1998 3088
2 1900 46 3088 Wwwmmmmu
1 1603 25 1887 -wmfl..-·-v.q6-p
8 1549 19 1592 ἡ
9 1486 19 1533 «ιε

836 150 1167 195 EIHAPOMH.
1776 152 1843 205 73

154 264 338 338 ὥσπερ
375 263 508 332 τοὺς
543 267 972 338 κατοιχομένους
1008 265 1101 321 καὶ
1132 264 1195 321 τὸ
1227 275 1346 332 ταῖς
1378 271 1686 339 φαρμακίσι
1718 285 1845 325 συν-

152 365 335 429 εργεῖν
371 354 464 410 καὶ
503 354 811 425 ἐπάγεσθαι
847 365 968 419 ταῖς
1009 357 1231 424 οἰκίαις,
1276 352 1392 410 εἶτα
1432 362 1750 411 τελευταῖον
1783 357 1844 413 τὸ

152 445 387 500 πένθεσι
417 443 510 499 καὶ
540 443 701 519 φόνῳ
726 447 966 516 χαίρειν,
1001 444 1058 509 ἐξ
1090 436 1159 498 οὗ
1189 465 1337 508 τινες
1368 444 1736 516 προήχθησαν
1761 446 1848 501 ἐπὶ

151 530 214 588 τὸ
246 532 339 587 καὶ
369 535 598 597 θυσίαις
631 529 807 602 αὐτὴν
840 530 1068 596 ἀτόποις
1098 531 1190 586 καὶ
1222 543 1595 603 σφαγιασμοῖς
1625 529 1848 603 ἀνθρώ-

150 640 274 677 πων
299 619 626 676 ἱλάσκεσθαι
649 620 856 676 θέλειν.
895 620 1251 690 καθιέρωσαν
1277 620 1339 676 δὲ
1363 621 1455 675 καὶ
1477 619 1582 692 τὴν
1612 625 1842 693 τρίγλαν
1865 649 1886 682 5

154 706 293 781 αὐτῇ
325 707 420 764 διὰ
443 707 710 780 τοῦνομα.
749 710 943 764 ἐνοδία
966 708 1031 763 δέ
1059 709 1210 763 ἐστιν
1245 707 1313 764 οὐ
1347 707 1425 763 δι’
1455 707 1589 765 ἄλλο
1614 731 1667 764 τι
1697 706 1731 780 ἢ
1758 708 1846 766 διὸ

151 797 244 851 καὶ
270 794 557 853 Ἀπόλλων
589 795 832 868 ἀγυιεύς.
902 800 1060 852 δοκεῖ
1096 796 1158 852 δὲ
1188 808 1304 862 τοῖς
1338 800 1613 864 πλείστοις
1643 795 1676 869 ἡ
1711 795 1848 870 αὐτὴ

153 882 298 940 εἶναι
329 886 421 940 καὶ
459 889 782 956 Εἰλείθυια,
827 883 1122 951 ἀπαύστως
1168 887 1463 957 εἰλουμένη
1505 887 1598 941 καὶ
1635 887 1849 942 θέουσα

152 973 277 1046 περὶ
299 971 403 1045 τὴν
427 977 553 1045 γῆν,
577 971 650 1045 ἣν
675 972 933 1045 εὔχονται
958 976 1149 1030 ἐλθεῖν
1172 972 1364 1039 αὑταῖς
1388 972 1559 1045 ἠπίαν
1582 975 1675 1029 καὶ
1699 978 1850 1029 λυσί-

156 1066 334 1128 ζωνον
365 1064 427 1117 αί
456 1059 790 1134 ὠδίνουσαι,
830 1062 1081 1118 λύουσαν
1111 1060 1172 1118 τὸ
1211 1063 1552 1134 ἐσφιγμένον
1582 1065 1695 1118 τῶν
1726 1061 1849 1118 κόλ-
1871 1089 1915 1122 ιο

153 1169 276 1205 πων
321 1149 568 1223 πρὸς’τὸ
616 1152 759 1224 ῥᾷον
805 1152 898 1206 καὶ
944 1149 1303 1222 ἀπονώτερον
1342 1151 1591 1207 ἐκπεσεῖν
1637 1149 1699 1206 τὸ
1738 1172 1852 1206 κυι-

155 1237 455 1309 σκόμενον,
494 1239 794 1310 λεγομένης
833 1237 1004 1310 αὐτῆς
1033 1240 1126 1294 καὶ
1160 1236 1478 1304 Ἐλευθοῦς.
1538 1243 1763 1303 πλείους
1795 1240 1848 1293 δ’

154 1329 476 1382 Εἰλείθυιαι
514 1328 926 1400 παραδέδονται
964 1326 1097 1383 καθ’
1136 1324 1202 1383 ὃν
1234 1326 1407 1398 λόγον
1437 1332 1660 1391 πλείους
1681 1325 1851 1399 ’Ἑρω-

154 1433 264 1480 τες·
303 1416 646 1487 πολύτροποι
684 1437 792 1486 γαρ
830 1417 924 1470 καὶ
963 1418 1024 1471 οἰ
1056 1416 1270 1472 τοκετοὶ
1306 1417 1421 1471 τῶν
1454 1418 1739 1485 γυναικῶν
1779 1413 1851 1480 ὡς

155 1507 218 1559 αί
263 1507 377 1560 τῶν
428 1502 690 1576 ἐρώντων
748 1506 1055 1575 ἐπιθυμίαι.
1151 1506 1408 1576 φανερῶς
1458 1501 1508 1558 δ’
1558 1500 1594 1574 ἡ
1644 1502 1848 1574 σελήνη
1873 1527 1915 1561 15

154 1598 618 1666 τελεσφορεῖσθαι
664 1591 731 1647 τὰ
782 1591 1287 1663 συλλαμβανόμενα
1335 1602 1486 1647 ποιεῖ
1518 1591 1611 1646 καὶ
1652 1591 1852 1662 ταύτης

155 1682 270 1737 ἐστὶ
307 1681 370 1737 τό
410 1701 469 1736 τε
501 1678 691 1747 αὔξειν
724 1677 865 1736 αὐτὰ
895 1681 987 1735 καὶ
1018 1678 1080 1735 τὸ
1113 1678 1382 1735 ἀπολύειν
1412 1682 1527 1735 τῶν
1556 1683 1853 1752 φερουσῶν

154 1771 525 1827 πεπανθέντα.
589 1767 657 1825 οὐ
694 1767 1029 1840 θαυμαστὸν
1070 1766 1122 1823 δ’
1158 1772 1210 1824 εἰ
1244 1766 1362 1823 κατ’
1406 1766 1583 1838 ἀλλην
1623 1767 1724 1838 μὲν
1764 1771 1854 1838 ἔμ-

158 1874 333 1931 φασιν
363 1858 656 1930 παρθένον
688 1854 1009 1928 ὑπενόησαν
1040 1854 1143 1927 τὴν
1162 1854 1422 1927 ’Ἁρτεμιν
1452 1854 1730 1927 ἄχραντον
1760 1856 1852 1910 καὶ

159 1944 339 2018 ἁγνὴν
380 1939 558 2002 οὖσαν
599 1943 804 2016 ὁμοίως
840 1947 915 2020 τῷ
955 1942 1121 2019 ἡλίω,
1159 1941 1277 1999 κατ’
1321 1942 1496 2015 ἄλλην
1536 1943 1598 1998 δὲ
1637 1945 1853 1999 ἐπίκου-
1875 1967 1920 2000 zo

157 2076 238 2124 δια
271 2074 448 2135 ταύτην
476 2077 548 2123 Os.
579 2103 635 2110 -
670 2075 774 2135 [καὶ.
804 2077 1030 2135 μιαίνειν]
1064 2075 1210 2121 Schm.
1243 2076 1324 2120 καὶ
1355 2092 1400 2133 μ.
1434 2076 1535 2133 (sed
1567 2091 1637 2120 ειν
1667 2075 1697 2121 i.
1730 2076 1760 2120 1.
1786 2090 1847 2120 er.

165 2137 282 2194 VP)
302 2137 340 2182 O
372 2163 426 2171 —
461 2142 501 2183 1.
536 2141 830 2194 φαρμακαῖσι
857 2135 922 2180 W
948 2136 1264 2192 φαρμακείαις
1297 2130 1335 2178 b'
1363 2160 1417 2167 -—
1451 2139 1491 2178 2.
1524 2140 1628 2185 ταῖς
1659 2132 1847 2192 οἰκίαις]

157 2193 366 2267 ἐπῳδαῖς
398 2196 525 2242 Gale.
558 2195 703 2241 Schm.
739 2221 795 2228 --
834 2191 887 2239 τὸ
926 2193 1127 2239 πένθεσι
1160 2210 1200 2239 κ.
1235 2194 1306 2252 φ.]
1339 2198 1435 2244 τοῖς
1464 2209 1512 2237 π.
1544 2210 1586 2238 κ.
1626 2194 1688 2250 τῷ
1722 2210 1776 2263 φ.
1808 2192 1854 2237 Ρ

155 2251 209 2300 τὸ
242 2260 341 2306 τοῖς
370 2270 418 2302 π.
451 2254 532 2300 καὶ
562 2255 626 2315 τῷ
659 2271 709 2311 φ.
745 2254 819 2299 03.
853 2279 908 2286 --
950 2259 992 2297 3.
1024 2250 1360 2324 προσήχθησαν
1392 2252 1440 2296 Ρ
1465 2278 1519 2285 --
1554 2258 1593 2297 6.
1626 2239 1700 2296 διὸ
1734 2267 1764 2296 a
1764 2249 1831 2295 'V

155 2311 258 2365 διὸς
290 2314 396 2359 ch
441 2310 566 2358 διότι
597 2300 670 2372 ‘N2
686 2310 725 2358 b'
768 2339 823 2346 —-
865 2317 906 2357 7.
947 2309 1215 2362 ἀπόλλωνος
1245 2312 1310 2369 Ν1
1329 2313 1378 2355 lc
1417 2336 1473 2344 —
1505 2313 1646 2355 δοκεῖ
1682 2309 1735 2354 δὲ
1768 2285 1849 2354 κα]

157 2376 230 2418 πλ.
270 2386 295 2418 c
341 2375 382 2417 δ.
429 2371 482 2417 δὲ
522 2389 564 2417 κ.
605 2378 703 2423 τοῖς
746 2376 820 2417 πλ.
864 2371 937 2416 Os.
979 2396 1035 2403 —
1081 2375 1122 2417 8.
1171 2369 1253 2414 καὶ
1293 2344 1395 2428 εἰλ.]
1442 2371 1496 2428 τῇ
1540 2368 1772 2429 εἰλενθυία
1812 2364 1849 2412 b‘

159 2457 216 2464 —
257 2428 416 2489 εἴλουμ
421 2431 504 2488 ένη
548 2430 642 2476 VG
687 2456 743 2464 —-
791 2429 976 2475 θέουσα
1024 2425 1118 2475 α”ὸ
1173 2426 1365 2474 θύουσα
1403 2387 1510 2473 zN'c
1563 2454 1618 2461 —
1676 2432 1717 2471 9.
1747 2414 1853 2485 [·ἒλ

101 2536 111 2548 ,
157 2490 288 2548 θεῖν]
317 2491 343 2535 b
376 2515 432 2523 -
464 2485 633 2541 αὑταῖς
655 2489 702 2533 Β
735 2485 855 2548 αὐτῇ
888 2490 903 2534 l
935 2485 1105 2539 αύταῖς
1135 2492 1232 2534 cett.
1257 2513 1316 2521 —
1339 2484 1487 2544 ἧπίαν
1512 2486 1555 2532 G
1584 2483 1732 2543 ἡπίαν
1756 2489 1874 2530 cett.

159 2574 215 2582 —
251 2554 318 2593 11.
361 2545 579 2594 ἐκπεσεῖν
610 2545 722 2607 ‹10'V53
764 2553 928 2593 πεσεῖν
961 2548 1012 2592 lb
1050 2561 1281 2591 ποιουσαν
1311 2551 1473 2590 πεσεῖν
1505 2559 1528 2591 c
1566 2571 1621 2578 —
1664 2549 1732 2589 12.
1766 2544 1847 2602 [m]

163 2604 394 2659 ἐλευθους
417 2604 460 2653 α’
479 2633 534 2641 ·—
562 2612 727 2654 13.14.
759 2604 1028 2664 καὶπλ.ἐ’ρ.
1057 2606 1212 2651 Οε.-
1239 2610 1308 2650 14.
1336 2605 1457 2674 [καὶ]
1483 2602 1531 2648 οἴ
1550 2603 1731 2648 τοκετοὶ
1755 2616 1778 2646 c
1798 2627 1852 2634 —

161 2671 231 2737 16.
262 2671 393 2712 ποιεῖ
420 2663 479 2711 τὰ
514 2682 553 2712 σ.
585 2667 699 2712 Lbc
729 2692 785 2699 -
821 2671 889 2711 16.
924 2670 993 2710 17.
1033 2661 1206 2720 ταύτης
1239 2661 1335 2708 ἐστὶ
1372 2660 1426 2707 τό
1457 2678 1507 2707 τε
1540 2678 1571 2707 α
1569 2660 1650 2719 'V²
1692 2678 1730 2705 τ.
1771 2660 1851 2718 [ε.]

159 2723 264 2769 τότε
290 2739 314 2770 c
344 2722 518 2796 ταύτης
551 2725 632 2784 [ε.]
667 2724 782 2770 ποτὲ
807 2725 864 2769 Ν
887 2721 1061 2794 ταύτης
1095 2723 1176 2782 [ε.]
1208 2722 1318 2779 πρὶν
1349 2722 1393 2765 L
1416 2721 1497 2778 (V
1536 2719 1744 2778 dignosci
1774 2731 1852 2762 ne

161 2781 495 2901 ᾳυὶῦ)ἦῖύῦης
539 2782 663 2830 εἶναι
708 2782 822 2828 ποτὲ
868 2783 968 2839 (sic)
1013 2779 1052 2827 b'
1090 2807 1146 2814 —
1197 2787 1264 2825 17.
1310 2780 1575 2838 φερουσῶν]
1621 2793 1852 2834 φανερου-

162 2842 255 2887 σῶν
631 2867 633 2869 ·
