1998 3088
172 142 242 194 3ss
823 114 1195 183 KOPNOTTOT

171 258 348 330 ἀρχὴν
386 262 486 314 τοῦ
525 268 758 329 φρονεῖν
798 261 969 327 ἔσχεν.
1045 255 1106 311 τὸ
1150 254 1211 310 δὲ
1259 253 1437 325 όνομα
1483 258 1579 325 τῆς
1612 252 1857 323 Ἀθηνᾶς

173 345 684 417 δυσετυμολόγητον
733 341 824 397 διὰ
873 341 1204 413 ἀρχαιότητά
1251 342 1392 410 ἐστι,
1438 345 1551 397 τῶν
1600 340 1701 411 μὲν
1748 325 1853 394 ἄπο

171 438 272 489 τοῦ
304 433 501 505 ἀθρεῖν
534 432 711 486 πάντα
738 426 860 486 οἷον
889 429 1169 500 Ἀθρηνᾶν
1194 427 1370 499 αὐτὴν
1395 428 1667 484 εἰπόντων
1693 427 1856 498 εἶναι,

171 525 282 576 τῶν
324 521 384 576 δὲ
424 519 516 575 διὰ
555 518 615 574 τὸ
655 523 849 586 καίπερ
885 517 1123 587 θήλειαν
1165 509 1340 572 οὖσαν
1380 515 1574 587 ἥκιστα
1611 515 1858 586 θηλύτη-

127 625 148 658 5
173 630 265 672 τος
302 608 393 662 καὶ
426 606 692 670 ἑκλύσεως
723 606 965 676 μετέχειν
996 604 1099 675 τὴν
1134 603 1405 675 Ἀθηνᾶν·
1449 603 1630 672 [ἄλλοι
1657 603 1718 658 δὲ
1750 602 1855 659 άπὸ

170 699 270 750 τοῦ
301 694 373 765 μὴ
406 696 707 765 πεφυκέναι
738 695 1014 748 θένεσθαι
1037 693 1128 748 καὶ
1159 691 1567 748 ὑποτάττεσθαι
1599 691 1702 763 τὴν
1733 689 1856 763 ἀρε-

171 782 271 853 τὴν
284 787 317 851 ·]
358 782 494 853 τάχα
527 780 577 836 δ’
607 786 658 838 εἰ
690 780 984 852 Ἀθηναία,
1025 778 1098 845 ὡς
1131 783 1189 835 οἱ
1217 781 1440 835 παλαιοὶ
1472 779 1574 851 τήν
1611 779 1855 851 Ἀθηνᾶν

174 875 381 941 ἔλεγον,
406 874 736 942 αἰθεροναία
761 872 923 925 ἐστίν.
959 868 993 940 ἡ
1021 868 1082 923 δὲ
1106 873 1382 940 παρθενία
1408 867 1577 940 αὐτῆς
1599 871 1701 924 τοῦ
1723 875 1861 923 καθ-

172 962 313 1028 αροῦ
351 959 441 1013 καὶ
474 956 745 1029 ἀμιάντου
776 956 1061 1028 σύμβολόν
1096 959 1209 1012 ἐστι
1245 961 1277 1024 [·
1309 959 1567 1013 τοιοῦτον
1601 956 1707 1028 γάρ
1739 979 1791 1012 τι
1824 955 1856 1027 ἡ

108 1063 149 1096 ιο
173 1043 376 1117 ‹ipa-25}
415 1047 842 1115 καθωπλισμένη
877 1044 939 1100 δὲ
962 1044 1248 1100 πλάττεται
1279 1045 1371 1099 καὶ
1405 1043 1861 1116 οὕτως’ίστοροῦ-
1908 1059 1911 1061 ’

173 1150 265 1188 σιν
291 1132 465 1203 αὐτὴν
488 1135 776 1204 γεγονέναι
801 1132 1164 1203 παριστάντες
1187 1131 1271 1188 ὅτι
1296 1131 1581 1203 αὐτάρκως
1604 1132 1743 1204 πρὸς
1765 1131 1862 1199 τὰς

173 1226 428 1292 μεγίστας
458 1223 548 1276 καὶ
583 1221 1051 1293 δυσφορωτάτους
1073 1220 1295 1292 πράξεις
1329 1221 1792 1291 παρασκευάζεται
1824 1219 1857 1292 ἡ

173 1310 465 1379 φρόνησις·
491 1310 737 1380 μέγισται
761 1307 866 1379 γὰρ
893 1311 1158 1363 δοκοῦσιν
1184 1312 1245 1363 αἱ
1264 1309 1551 1380 πολεμικαὶ
1577 1308 1735 1365 εἶναι.
1766 1308 1859 1364 διὰ

171 1396 377 1467 ταύτην
418 1396 478 1451 δὲ
517 1394 618 1467 τὴν
659 1401 841 1451 αἰτίαν
881 1397 971 1451 καὶ
1011 1395 1071 1451 τὸ
1115 1399 1393 1466 ἔπανδρον
1434 1399 1525 1452 καὶ
1565 1396 1860 1468 γοργωπὸν

108 1500 150 1532 15
175 1482 312 1556 αὐτῇ
351 1484 677 1540 ἀνατιθέασι
716 1483 857 1540 πολὺ
899 1489 1061 1555 ἔχειν,
1100 1485 1360 1548 τοιοῦτόν
1391 1507 1443 1539 τι
1481 1485 1862 1556 έμφαινούσης

171 1573 262 1627 καὶ
286 1575 381 1642 τῆς
405 1572 775 1642 γλαυκότητος
798 1570 988 1643 αὐτῆς·
1012 1572 1226 1642 καὶγὰρ
1251 1576 1363 1628 τῶν
1383 1579 1603 1645 θηρίων
1618 1572 1684 1629 τὰ
1710 1571 1863 1629 ἀλκι-

172 1659 408 1729 μώτατα,
447 1655 570 1714 οἷον
603 1663 663 1714 αἱ
689 1659 989 1732 παρδάλεις
1018 1660 1109 1714 καὶ
1144 1663 1201 1715 οἱ
1221 1661 1456 1729 λέοντες,
1488 1661 1699 1731 γλαυκά
1733 1665 1861 1732 εἰσι,

175 1750 644 1817 δυσαντίβλεπτον
683 1752 978 1817 στίλβοντα
1011 1746 1116 1803 ἀπὸ
1150 1750 1262 1803 τῶν
1296 1746 1582 1819 ὀμμάτων·
1625 1753 1764 1805 ἔνιοι
1798 1751 1864 1805 δέ

173 1852 310 1905 φασι
357 1834 620 1905 τοιαύτην
666 1833 847 1906 αὐτὴν
892 1835 1329 1906 παρεισάγεσθαι
1379 1835 1471 1891 διὰ
1520 1835 1582 1892 τὸ
1634 1836 1733 1893 τὸν
1781 1841 1863 1893 αἰ-

108 1937 152 1969 20
174 1924 315 1994 θέρα
354 1922 598 1992 γλαυκὸν
637 1921 796 1978 εἶναι.
873 1922 1021 1978 πάνυ
1062 1920 1112 1977 δ’
1156 1923 1379 1989 εἰκότως
1426 1927 1747 1996 συμμετέχει
1785 1927 1860 2000 τῷ

178 2014 278 2064 Διῒ
320 2014 416 2080 τῆς
463 2014 700 2079 αἰγίδος,
756 2008 857 2080 οὐχ
905 2010 1060 2081 ἑτέρα
1117 2004 1257 2066 οὖσα
1302 2015 1403 2066 τοῦ
1450 2011 1577 2082 παρ’
1632 2010 1660 2068 ὃ
1710 2016 1864 2069 δοκεῖ

303 2120 340 2155 1.
374 2128 450 2166 φρ.
485 2110 577 2167 εἶχε
612 2111 654 2156 G
687 2110 788 2167 ἔσχε
824 2128 957 2167 φρον.
992 2126 1014 2156 c
1046 2138 1100 2143 -—
1134 2117 1175 2155 2.
1210 2109 1289 2155 διὰ
1322 2109 1408 2167 τὴν
1440 2109 1727 2170 ἀρχαιότητα
1758 2130 1782 2160 c
1806 2142 1861 2148 —

181 2175 221 2214 6
262 2171 516 2213 θείνεσθαι
555 2169 651 2222 (sed
683 2183 796 2213 corr.
831 2183 885 2212 ex
923 2168 1179 2240 θένεσθαι)
1214 2171 1275 2213 M
1309 2169 1547 2215 θένεσθαι
1579 2173 1678 2218 sz
1717 2171 1863 2229 θήνε-

180 2231 295 2271 σθαι
328 2241 351 2271 c
383 2253 437 2259 —
472 2234 510 2271 6.
546 2233 583 2271 7.
618 2223 809 2296 ἀρετήν]
843 2228 872 2273 i.
906 2228 935 2271 1.
970 2241 1031 2272 er.
1065 2229 1126 2271 M
1151 2224 1301 2284 αρχήν
1333 2229 1376 2273 G
1415 2256 1469 2262 —
1511 2237 1551 2275 7
1586 2229 1706 2288 τάχα
1738 2230 1786 2276 δ’
1821 2232 1867 2278 εἰ

174 2281 399 2355 Ἀθηναιά
431 2287 528 2353 (ζαν
563 2286 625 2340 Β)
659 2282 719 2335 ὡς
752 2284 799 2329 οἷ
826 2302 870 2329 π.
905 2303 942 2329 τ.
974 2303 1019 2329 α.
1054 2284 1131 2341 ἕλ.,
1173 2287 1456 2342 αἰθεροναιά
1489 2285 1612 2333 ἐστίν
1647 2292 1710 2335 ab
1742 2288 1862 2348 τάχα

181 2340 228 2387 δ’
264 2341 357 2387 ἀπὸ
392 2344 475 2387 τοῦ
518 2342 711 2413 αόθέρος
750 2340 810 2394 ὡς
841 2343 920 2387 καὶ
959 2342 1006 2388 οἰ
1034 2345 1224 2389 παλαιοὶ
1263 2344 1439 2417 ταύτην
1479 2346 1639 2404 ἔλεγον
1670 2349 1860 2421 αἰθερα-

180 2402 313 2445 νείαν
340 2416 362 2446 c
387 2399 505 2458 τάχα
531 2397 577 2445 δ’
601 2397 838 2458 Ἀθηναίῳ
871 2398 932 2453 ὥς
957 2400 1004 2446 οἷ
1023 2403 1212 2447 παλαιοὶ
1235 2400 1321 2459 τὴν
1342 2401 1540 2461 Ἀθηνᾶν
1567 2406 1739 2463 ἔλεγον,
1765 2405 1859 2453 απὸ

181 2459 264 2503 τοῦ
297 2458 491 2515 αἰθέρος
522 2457 622 2503 οἷον
654 2459 942 2527 Αἰθεροναία
976 2457 1100 2505 ἐστίν
1132 2462 1204 2506 03.
1229 2463 1294 2506 ed.
1328 2489 1383 2495 —
1417 2469 1457 2508 9.
1490 2466 1704 2509 τοιοῦτον
1736 2464 1776 2510 α’
1793 2467 1862 2511 Vc

179 2518 363 2561 τοιοῦτο
406 2518 481 2562 b]
523 2543 575 2548 ——
619 2515 707 2573 γάρ
739 2535 779 2561 τι
825 2516 893 2573 (τὸ
939 2533 1049 2563 corr.
1092 2519 1140 2563 in
1185 2537 1229 2563 τι
1269 2522 1351 2577 Μ)
1384 2524 1454 2566 ab
1495 2519 1584 2579 γάρ
1627 2541 1697 2568 τοι
1736 2539 1759 2568 c
1807 2551 1859 2558 —

183 2581 250 2618 12.
299 2573 687 2644 δυσφορωτάτους
720 2577 878 2621 Mlbc
915 2575 1304 2633 δυσχερεστάτους
1338 2581 1384 2623 Ρ
1428 2581 1492 2636 (in
1523 2595 1655 2639 marg
1708 2583 1860 2655 VM),

181 2629 563 2703 ὄυσφορωτάτας
578 2634 702 2678 Eud.
737 2661 790 2666 —
835 2640 1003 2680 13.14.
1045 2634 1123 2679 διὰ
1157 2634 1331 2693 ταύτην
1364 2636 1415 2682 δε
1450 2641 1514 2683 ab
1555 2597 1655 2683 ὃιὰὲ
1667 2641 1718 2686 δὲ
1751 2640 1861 2687 ταύ-

181 2707 266 2746 την
297 2706 320 2735 c
360 2689 438 2735 διὰ
478 2689 651 2763 ταύτην
692 2686 777 2736 οὖν
812 2694 884 2738 03.
918 2695 981 2738 ed
1018 2720 1070 2726 —
1116 2701 1180 2739 15.
1191 2693 1359 2765 [πολυ
1401 2696 1547 2756 ἔχειν]
1591 2699 1664 2744 03.
1700 2702 1763 2745 ed.
1806 2727 1861 2734 ——

185 2755 252 2793 19.
286 2748 505 2806 τοιαύτην
537 2747 686 2806 αὐτὴν
710 2767 737 2795 a
741 2749 854 2796 'Vb'
889 2748 1110 2808 τοιαύτην
1142 2749 1263 2797 αὐτα
1295 2755 1394 2811 (sic)
1418 2757 1484 2814 N2
1520 2758 1714 2802 τοιαῦτα
1740 2755 1861 2804 αὐτὰ

182 2817 245 2862 (
243 2803 320 2851 Jta
353 2809 424 2864 N)
457 2809 586 2854 LNG
