1998 3088
135 626 156 658 5

119 1066 159 1097 10

121 1504 161 1536 15

118 1945 161 1977 20

180 139 251 192 66
835 137 1210 182 KOPNOTTOT

178 258 488 327 τετευχέναι
519 258 615 326 τῆς
651 259 1041 327 προσηγορίας,
1083 252 1214 309 καθ’
1245 252 1316 325 ἣν
1350 257 1577 310 ἔννοιαν
1624 253 1716 309 καὶ
1747 273 1871 310 παι·

179 345 298 416 ήων
324 343 529 415 ἐκλήθη
566 343 657 397 καὶ
687 341 872 413 ἰατρὸς
900 344 1089 408 ἔδοξεν
1125 340 1283 398 εἶναι.
1335 342 1482 409 τινες
1523 342 1584 398 δὲ
1617 340 1863 397 αὐτόθεν

174 431 493 488 Ἀπόλλωνα
533 429 705 487 αὐτὸν
745 428 853 486 ἀπὸ
883 433 985 486 τοῦ
1015 428 1325 486 ἀπολλύναι
1361 431 1535 502 φασὶν
1580 433 1864 501 εἰρῆσθαι·

179 520 271 575 καὶ
309 518 416 591 γὰρ
454 517 555 573 τὸν
595 517 912 574 ἀπολλύντα
949 517 1156 588 ταύτην
1194 516 1298 588 τὴν
1335 517 1704 589 διακόσμησιν
1740 520 1869 574 τοῦ·

179 629 279 664 τον
329 605 473 662 εἶναι
525 606 618 678 διοὶ
663 611 764 663 τοῦ
816 610 1115 678 διατμίζειν
1169 605 1530 672 ἀδιαλείπτως
1575 606 1860 663 πάντοθεν

180 693 349 765 αὐτῆς
378 693 440 749 τὸ
476 693 654 768 ὑγρὸν
690 695 781 750 καὶ
818 697 894 771 τῷ
934 696 1122 766 αἰθέρι
1159 695 1685 766 προσκατατάττειν·
1725 697 1865 766 τάχα

182 782 233 837 δ’
269 780 341 838 ἂν
378 784 470 838 καὶ
509 782 616 838 ἀπὸ
656 786 758 839 τοῦ
788 781 1005 838 ἁπλοῦν
1042 783 1134 838 καὶ
1173 782 1331 839 λύειν
1362 783 1425 839 τὸ
1467 783 1732 849 συνεστὸς
1769 787 1866 855 τῆς

183 869 375 937 οὐσίας
419 869 452 942 ἢ
507 872 598 926 καὶ
643 870 705 927 τὸ
755 871 949 936 σκότος
996 869 1149 927 ὡσὰν
1197 870 1388 927 ἁπλῶν
1434 873 1723 945 εἰρημένος
1768 879 1869 943 εἴη.

182 963 395 1024 οἰκείως
434 959 494 1015 δὲ·
540 959 632 1015 καὶ
679 957 956 1032 ἀδελφοὺς
1004 957 1208 1025 αὐτούς
1251 959 1663 1032 παρεισήγαγον
1708 962 1871 1032 ἐμφε-

182 1059 295 1119 ρεῖς
334 1046 594 1119 ἀλλήλοις
633 1047 796 1114 ὄντας
834 1049 926 1103 καὶ
969 1046 1197 1119 ὁμοειδῆ
1236 1052 1459 1118 κίνησιν
1499 1049 1869 1119 κινουμένους

180 1137 272 1191 καὶ
319 1135 560 1206 δύναμιν
607 1140 997 1209 παραπλησίαν
1045 1138 1105 1191 ἐν
1151 1148 1269 1201 τοῖς
1316 1135 1466 1201 ὅλοις
1513 1140 1740 1207 ἔχοντας
1776 1137 1869 1192 καὶ

180 1225 486 1295 τρέφοντας
525 1221 730 1294 ὁμοίως
773 1222 840 1279 τὰ
890 1224 976 1279 ἐπὶ
1015 1226 1129 1294 γῆς.
1206 1221 1316 1278 εἷθ’
1363 1221 1390 1279 ὁ
1441 1223 1543 1295 μὲν
1586 1222 1871 1280 Ἀπόλλων

182 1310 362 1382 ἄρρην
401 1309 753 1382 ἀνεπλάσθη,
793 1311 1137 1384 θερμότερον
1178 1308 1258 1367 ὢν
1296 1314 1407 1383 πῦρ
1441 1313 1532 1367 καὶ
1573 1313 1874 1383 δραστικώ-

181 1421 369 1470 τερον,
408 1396 442 1469 ἡ
483 1395 534 1453 δ’
561 1397 816 1472 ’Ἁρτεμις
853 1399 1078 1470 θήλεια,
1129 1398 1477 1472 ἀμβλυτέραν
1522 1401 1614 1455 καὶ
1653 1399 1874 1472 ἀσθενῆ

184 1486 288 1558 τὴν
332 1487 575 1558 δύναμιν
614 1491 830 1558 ἔχουσα.
906 1487 1219 1558 βούπαιδοςΔ
1258 1486 1308 1543 δ’
1351 1486 1572 1559 ἡλικίαν
1620 1486 1649 1544 ὁ
1685 1487 1875 1546 Ἀπόλ-

183 1584 297 1632 λων
338 1580 470 1646 ἔχει,
509 1572 639 1630 καθ’
675 1573 746 1646 ἣν
786 1575 878 1630 καὶ
918 1578 975 1630 οἰ
1011 1574 1308 1646 ἄνθρωποι
1340 1574 1714 1632 εὐειδέστατοι
1751 1579 1876 1633 ἑαυ-

182 1667 295 1719 τῶν
327 1668 646 1734 φαίνονται·
679 1663 968 1729 κάλλιστος
998 1662 1104 1736 γὰρ
1138 1662 1393 1735 ὀφθῆναι
1415 1658 1507 1719 καὶ
1531 1665 1877 1738 νεαρώτατός

184 1754 334 1806 ἐστιν
374 1751 403 1807 ὁ
441 1749 609 1822 ἥλιος.
671 1750 802 1823 μετὰ
845 1751 906 1806 δὲ
939 1755 1112 1807 ταῦτα
1149 1757 1356 1823 Φοῖβος
1394 1753 1496 1823 μὲν
1527 1755 1741 1824 λέγεται
1775 1752 1870 1810 διὰ

182 1839 244 1895 τὸ
290 1838 539 1911 καθαρὸς
585 1838 728 1894 εἶναι
766 1840 858 1894 καὶ
896 1839 1144 1912 λαμπρός
1200 1844 1235 1909 [⁸
1253 1841 1519 1906 ἐπιθέτοις
1558 1840 1750 1907 ἄλλοις
1788 1846 1865 1907 εἰς

184 1924 357 1982 αὐτὸν
387 1948 653 1998 χρωνται,
692 1927 1048 2000 χρυσοκόμαν
1079 1928 1171 1983 καὶ
1204 1925 1567 2000 ἀκειρεκόμαν
1599 1946 1873 2002 προσαγο-

185 2044 246 2074 er.
285 2030 385 2086 B)b
431 2028 738 2087 τετυχηκέναι
783 2044 808 2074 c
847 2056 901 2063 —
944 2036 983 2074 1.
1019 2035 1058 2074 2.
1100 2027 1218 2075 καθ’
1255 2058 1310 2064 -
1350 2029 1513 2103 εἶναι]
1523 2031 1631 2077 vide
1662 2047 1722 2077 ne
1752 2034 1868 2078 haec

183 2088 349 2158 spuria
388 2088 493 2132 sint.
544 2114 599 2120 —
647 2093 687 2133 2.
736 2094 776 2132 3.
830 2085 1042 2132 αὐτόθεν
1099 2085 1348 2134 ἀπόλλωνα
1402 2087 1550 2134 αὐτὸν
1595 2091 1673 2135 Lo
1729 2088 1867 2136 αὐτό-

184 2150 276 2190 θεν
322 2142 567 2190 ἀπόλλωνα
627 2142 816 2217 [αυτὸν]
865 2161 888 2190 c
937 2143 1188 2218 [αυτόθεν]
1242 2144 1493 2193 ἀπόλλωνα
1542 2150 1642 2219 (Sed
1688 2165 1723 2193 π
1774 2164 1868 2195 non

185 2204 296 2250 satis
327 2220 428 2274 pur.
459 2204 508 2248 in
556 2205 620 2262 V)
661 2200 808 2249 αυτὸν
847 2202 888 2249 α’
909 2205 952 2249 V
993 2202 1157 2250 ἀντίον
1197 2203 1456 2251 Ἀπόλλωνα
1506 2203 1693 2265 [αὐτὸν]
1720 2208 1865 2253 Schm.

187 2260 465 2333 ἀπολλύναι]
515 2279 559 2308 α.
611 2259 758 2307 αὐτὸν
805 2265 938 2320 (corr.
986 2264 1035 2308 in
1083 2261 1230 2309 αὑτὸν
1275 2266 1342 2320 Β;
1386 2266 1436 2309 in
1481 2267 1570 2310 hoc
1618 2269 1746 2311 totus
1799 2268 1875 2312 lo·

189 2337 266 2367 cus
290 2337 319 2366 a
348 2318 505 2365 -λύναι
536 2337 679 2393 usque
711 2322 771 2366 ad
796 2321 922 2396 εἰρῆ-
954 2325 1045 2395 en),
1060 2325 1112 2368 bc
1143 2349 1198 2356 —
1230 2330 1272 2368 4
1306 2329 1344 2368 5.
1376 2325 1591 2369 τοιοῦτον
1616 2326 1705 2384 ΖΝ
1718 2325 1797 2371 Be
1818 2351 1876 2361 --

190 2387 229 2426 6.
264 2377 411 2431 αὖτνς
439 2381 506 2451 N?
521 2377 559 2425 b'
594 2377 713 2439 αὐτῇ
749 2380 867 2425 aNc
900 2397 951 2425 εν
985 2399 1104 2441 αντη
1130 2383 1275 2428 Schm.
1310 2409 1364 2415 —-
1402 2389 1440 2427 7.
1475 2380 1704 2434 συνεστώς
1735 2385 1870 2443 acG1

191 2465 244 2473 —
285 2444 325 2483 8.
367 2436 427 2490 ὡς
467 2457 527 2484 αν
569 2439 606 2482 O
646 2465 699 2474 -—-
740 2436 896 2490 ἁπλῶς
935 2441 1002 2498 N2
1015 2437 1054 2485 b'
1093 2467 1147 2473 -—
1187 2447 1254 2486 13.
1294 2438 1442 2500 ἄρρην
1482 2439 1619 2499 (αρην
1657 2443 1720 2498 B)
1754 2417 1870 2502 b'ssN

195 2527 255 2596 V2
298 2523 440 2583 ἅρρης
472 2510 549 2583 ἄρε
558 2544 611 2582 ης
642 2527 702 2598 L)
734 2527 835 2571 NL
873 2523 989 2584 ἅρης
1030 2529 1100 2573 Vc
1139 2526 1259 2585 0}qu
1292 2529 1333 2574 α’
1371 2556 1423 2562 —-
1455 2527 1748 2588 θερμότερον
1784 2528 1873 2601 γὰρ

189 2583 241 2630 τὰ
286 2587 378 2641 πῦρ
418 2600 503 2630 c—
548 2591 615 2630 14.
655 2583 949 2658 ἀμβλυτέραν
986 2590 1063 2643 (-ι-
1096 2589 1338 2659 Ν)αΝΒ
1367 2585 1673 2646 ἀμμλωτέραν
1706 2589 1748 2633 G
1790 2585 1876 2647 ἀμ-

190 2643 454 2716 βλυωτέραν
480 2659 502 2690 c
534 2641 855 2716 ἀμβλυοτέραν
890 2646 962 2691 OS
995 2648 1059 2691 ed.
1097 2673 1153 2679 —
1192 2653 1258 2692 16.
1286 2643 1602 2692 ευειδέστατοι
1624 2649 1683 2691 Α.
1707 2648 1876 2692 Nauck

190 2699 503 2773 εὖειδέστεροι
535 2706 731 2760 (ευει-ι.
765 2704 795 2749 1.
837 2717 896 2748 er.
932 2704 976 2748 V
1011 2702 1126 2751 εὖιδ.
1159 2707 1300 2762 N)Zb
1341 2704 1641 2779 εὗηδέστεροι
1672 2704 1712 2750 α’
1746 2706 1876 2751 Eud.

190 2763 315 2807 codd.
349 2758 662 2835 εύηδεστέραν
687 2777 710 2807 c
734 2789 788 2794 —
819 2768 884 2807 19.
917 2763 997 2807 καὶ
1031 2761 1270 2815 ἐπιθέτοις
1294 2765 1439 2810 Schm.
1474 2765 1559 2823 [m]
1592 2762 1668 2808 ἐπὶ
1691 2762 1743 2808 τὸ
1777 2770 1875 2815 τοῖς

190 2837 220 2866 a
254 2821 338 2879 [n]
366 2818 441 2865 ἐπὶ
472 2819 525 2865 δε
559 2827 655 2872 τοῖς
680 2822 739 2867 bc
772 2822 855 2879 [m]
890 2819 956 2866 ἔτι
989 2821 1040 2867 δε
1077 2828 1174 2874 τοῖς
1203 2824 1376 2869 Villois.
1412 2850 1467 2856 —-
1499 2829 1570 2868 20.
1589 2823 1791 2881 χρῶνται
1815 2825 1878 2868 bc
