1998 3088
171 138 208 191 ss
835 137 1205 181 KOPNOTTOT

172 257 234 311 ἐν
289 265 405 320 τοϊς
456 253 608 326 ὄρεσι
659 255 973 325 γινομένων
1029 253 1209 329 ζῴων,
1260 252 1388 318 τοὺς
1438 255 1688 323 λέοντας,
1738 251 1855 324 ἡνι-

173 342 511 414 οχουμένους
541 339 634 397 ὑπ’
655 340 824 413 αὐτῆς
855 341 1265 414 παρεισήγαγον
1302 346 1335 410 [·
1359 343 1495 413 τάχα
1529 341 1590 397 δὲ
1617 342 1708 397 καὶ
1741 343 1856 398 ἐπεὶ

173 434 232 486 οἱ
264 434 528 502 χειμῶνες
565 428 853 501 άγριωπόν
892 452 942 486 τι
983 434 1208 502 ἔχουσι]
1273 428 1569 502 πυργωτὸν
1610 430 1671 484 δὲ
1709 435 1855 502 περί-

171 540 343 574 κειται
383 520 662 590 στέφανον
702 517 825 589 ἤτοι
867 516 960 573 διὰ
999 516 1060 574 τὸ
1098 516 1372 590 καταρχὰς
1414 519 1500 574 ἐπὶ
1545 521 1658 575 τῶν
1707 516 1856 590 ὀρῶν

130 610 437 662 5τύθεσθαι
483 605 581 672 τὰς
625 605 811 672 πόλεις
858 603 1192 678 ὀχυρότητος
1238 608 1423 662 ἕνεκεν
1462 603 1496 677 ἢ
1539 606 1653 662 ἐπεὶ
1693 605 1855 677 ἀρχη-

169 694 268 765 γός
299 696 412 750 ἐστι
437 697 532 766 τῆς
555 693 773 765 πρώτης
794 694 885 749 καὶ
910 691 1221 766 ἀρχετύπου
1244 694 1471 765 πόλεως,
1504 697 1604 749 τοῦ
1628 695 1857 765 κόσμου.

168 786 381 838 κωὸίαν
415 780 464 837 δ’
495 781 862 853 ἀνατιθέασιν
894 779 1032 856 αὐτῇ
1063 782 1427 855 παριστάντες
1466 780 1551 843 ὅτι
1583 785 1730 836 αἰτία
1761 786 1858 853 τῆς

171 875 471 942 ζωογονίας
523 869 659 942 αὕτη
707 871 937 942 ἐγένετο.
1014 869 1150 927 κατὰ
1195 874 1360 927 τοῦτο
1410 870 1472 926 δὲ
1517 871 1608 926 καὶ
1655 870 1858 936 ἄλλους

170 958 326 1024 τινὰς
365 958 571 1025 τύπους
613 959 737 1031 περὶ
775 959 836 1014 τὸ
887 961 1094 1030 στῆθος
1134 957 1304 1030 αὐτῆς
1340 960 1741 1031 περιτιθέασιν,
1785 956 1860 1024 ὥς

105 1063 146 1096 10
168 1050 266 1118 τῆς
302 1051 415 1103 τῶν
457 1045 639 1103 ὄντων
670 1051 946 1113 ποικιλίας
984 1048 1075 1102 καὶ
1105 1045 1311 1113 παντὸς
1342 1047 1618 1119 χρήματος
1650 1045 1724 1103 δι’
1761 1045 1858 1102 αὐ-

167 1139 264 1207 τῆς
293 1134 602 1207 γεγονότος.
648 1140 790 1191 ἔοικε
823 1132 874 1190 δ’
905 1133 1041 1206 αὕτη
1073 1136 1163 1191 καὶ
1197 1133 1230 1206 ἡ
1263 1133 1411 1207 παρὰ
1435 1134 1649 1208 Σύροις
1674 1133 1859 1206 Ἀταρ-

166 1222 323 1295 γάτις
368 1221 539 1294 εἶναι,
589 1220 661 1295 ἣν
711 1224 804 1279 καὶ
855 1223 948 1279 διὰ
998 1227 1101 1279 τοῦ
1147 1227 1470 1296 περιστερᾶς
1519 1225 1610 1279 καὶ
1662 1222 1860 1295 ἰχθύος

168 1309 473 1383 ἀπέχεσθαι
520 1315 741 1383 τιμῶσι,
798 1316 1161 1385 σημαίνοντες
1216 1311 1300 1368 ὅτι
1353 1311 1419 1367 τὰ
1472 1312 1708 1384 μάλιστα
1764 1315 1859 1382 δη-

167 1403 376 1455 λοῦντα
413 1399 516 1471 τὴν
548 1403 644 1471 τῆς
677 1398 869 1465 οὐσίας
902 1403 1115 1472 αἵρεσιν
1150 1398 1256 1472 ἀὴρ
1287 1401 1379 1454 καὶ
1410 1398 1581 1471 ὕδωρ.
1641 1405 1859 1472 Φρυγία

102 1503 144 1537 15
169 1484 219 1542 δ’
238 1474 421 1553 ξδῖδίως
461 1495 672 1561 εἴρηται
714 1487 806 1542 διὰ
843 1487 905 1543 τὸ
941 1489 1360 1559 θρησκεύεσθαι
1391 1485 1539 1560 παρὰ
1567 1498 1685 1553 τοῖς
1711 1493 1859 1558 Φρυ-

167 1575 253 1641 ξὶν
302 1574 525 1647 ἐξόχως,
577 1573 706 1644 παρ’
760 1571 842 1640 οἷς
892 1575 984 1630 καὶ
1035 1574 1069 1646 ἡ
1119 1579 1232 1632 τῶν
1286 1574 1509 1646 γάλλων
1559 1574 1859 1631 ἐπεπόλασε

165 1667 436 1735 παρεδρία
489 1663 627 1734 τάχα
676 1685 728 1719 τι
776 1667 1038 1719 τοιοῦτον
1091 1665 1465 1735 ἐμφαίνουσα,
1518 1661 1715 1719 ὁποῖον
1766 1665 1857 1718 καὶ

164 1749 312 1823 παρὰ
350 1762 467 1816 τοῖς
491 1750 722 1823 ’Ἕλλησι
760 1752 886 1824 περὶ
924 1755 1021 1823 τῆς
1059 1755 1159 1808 τοῦ
1195 1750 1459 1824 Οὐρανοῦ
1499 1753 1730 1824 ἐκτομῆς
1768 1775 1857 1824 με·

165 1840 457 1911 μύθευται.

102 1945 145 1977 20
245 1938 248 1942 ’
247 1931 520 2005 Πρῶτον
561 1928 663 2027 μὲν
700 1927 806 2000 γὰρ
849 1926 877 1983 ὁ
919 1927 1144 1999 Κρόνος
1182 1928 1394 1999 λέγεται
1433 1932 1755 1984 καταπίνειν
1791 1928 1858 1984 τὰ

167 2062 360 2106 conatus
395 2063 482 2105 θείη
526 2061 712 2116 πρῶτον
745 2077 830 2132 μεν
864 2058 1025 2104 ἰδαίαν
1056 2057 1294 2104 τουτέστιν
1327 2055 1490 2129 ὀρείαν
1530 2056 1681 2115 αυτὴν
1717 2076 1856 2116 προσ-

167 2116 487 2190 αγορεύοντες
514 2117 748 2175 μετέωρον
787 2116 902 2188 ὅρος
933 2114 958 2162 ὃ
994 2119 1088 2175 (vel
1118 2113 1255 2191 ὅθεν)
1295 2115 1539 2187 μακρόθεν
1573 2116 1698 2162 ἔστιν
1738 2117 1857 2163 ἰδεῖν

167 2173 288 2233 αυτῇ
332 2173 644 2248 ἐπωνόμασαν
677 2202 732 2208 -
773 2182 813 2221 2.
846 2173 932 2233 τάχ
936 2193 967 2220 α
1006 2174 1059 2220 δὲ
1091 2176 1173 2220 καὶ
1214 2172 1316 2220 ε’πεὶ
1347 2191 1377 2220 α
1407 2173 1526 2246 τάχα
1558 2175 1639 2220 καὶ
1673 2174 1775 2222 ἐπεὶ
1806 2178 1863 2222 N

166 2252 205 2280 τ.
239 2222 343 2280 ἐπεὶ
373 2235 453 2279 καὶ
485 2233 522 2279 b'
557 2231 677 2306 τάχα
708 2230 756 2279 δ’
784 2231 888 2279 ἐπεὶ
919 2236 1001 2279 καὶ
1032 2248 1055 2280 c
1087 2261 1142 2267 —
1175 2239 1215 2278 3.
1242 2240 1282 2279 4.
1315 2232 1597 2291 πυργωτὸς.
1631 2271 1640 2280 .
1683 2235 1855 2306 στέφα-

165 2311 247 2345 νος
269 2294 315 2337 Β
349 2319 403 2326 ——
436 2298 477 2339 6.
509 2291 691 2349 πρώτης
723 2310 763 2337 κ.
797 2289 1062 2364 ἀρχέτυπου
1095 2291 1272 2344 πόλεως
1303 2295 1504 2348 (comma
1535 2296 1642 2351 post
1672 2291 1852 2346 πόλεως

166 2354 324 2410 posuit
361 2353 513 2409 Lany)
554 2353 618 2396 ab
656 2368 733 2408 πρ.
764 2368 805 2396 κ.
845 2368 888 2396 α.
923 2348 1085 2403 οὐσίας
1114 2366 1138 2396 c
1175 2348 1359 2408 πρώτης
1399 2352 1460 2410 [κ.
1503 2354 1566 2409 α.]
1608 2350 1857 2404 τυπώσεως

169 2411 314 2456 Schm.
357 2437 412 2444 --
453 2417 493 2455 7.
533 2411 711 2455 κωδίαν
752 2411 973 2467 „quidam
1013 2410 1211 2466 (codices
1222 2413 1260 2466 ‘.>)
1299 2411 1597 2466 praeferunt“
1635 2411 1856 2457 Villoison

168 2471 371 2541 καρδίαν
403 2472 475 2525 (κο
508 2471 616 2513 δίαν
640 2470 700 2542 L)
721 2469 758 2513 O
788 2495 846 2502 ——-
880 2474 948 2515 10.
980 2485 1220 2541 χρωματος
1244 2482 1267 2513 c
1291 2495 1346 2501 —
1375 2475 1441 2513 10.
1470 2476 1538 2514 11.
1564 2466 1628 2513 δι’
1657 2467 1804 2526 αὐτῆς
1827 2472 1854 2515 b

171 2523 236 2573 δι’
258 2524 408 2584 αυτὴν
420 2471 700 2599 αῗδι’])
632 2529 777 2600 αυτῆς
800 2541 824 2572 c
855 2523 903 2581 ἐξ
934 2544 1079 2583 αυτης
1106 2527 1178 2573 08.
1196 2529 1262 2572 ed.
1289 2553 1343 2560 -
1379 2534 1447 2596 11:
1479 2530 1727 2600 γεγονυίας
1751 2543 1774 2573 e
1799 2554 1854 2562 —

168 2603 304 2658 αυτη
313 2602 343 2631 a
374 2583 492 2657 αυτὴ
522 2586 564 2631 G
594 2582 623 2642 ἡ
656 2583 789 2657 αὐτὴ
802 2586 858 2630 N
859 2586 937 2630 Bc
969 2612 1023 2620 -
1059 2591 1227 2630 11.12.
1260 2581 1513 2657 άταργᾶτις
1537 2587 1639 2630 ΝΒ
1670 2583 1852 2644 ἀρταγά

167 2645 245 2691 vel
274 2641 451 2702 άρτογά
476 2659 500 2690 e
523 2671 578 2677 —
613 2650 681 2690 12.
716 2642 796 2689 διὰ
827 2645 910 2689 τοῦ
946 2660 1059 2690 cort.
1091 2645 1140 2690 in
1171 2642 1251 2688 δια
1284 2642 1336 2688 τὸ
1360 2646 1416 2689 Ν
1441 2642 1520 2689 διὰ
1553 2645 1637 2689 τοῦ
1661 2645 1711 2689 in
1733 2660 1854 2691 mar-

168 2704 277 2762 gine
310 2703 367 2762 V2
403 2700 482 2748 δια
514 2704 650 2748 τοῦτο
686 2704 738 2748 Χ
766 2700 846 2748 δια
878 2701 930 2748 τὸ
965 2705 1072 2748 cett.
1107 2729 1161 2736 —
1198 2708 1264 2748 14.
1298 2704 1477 2759 αἵρεσιν
1511 2703 1548 2747 Ο
1588 2700 1747 2759 ρεῦσιν
1778 2705 1854 2749 vel

168 2763 336 2835 κρᾶσιν
350 2736 660 2820 ²Wyttenbach
682 2764 865 2832 κίνησιν
889 2762 1035 2808 Schm.
1062 2788 1117 2795 —
1142 2757 1269 2818 υδωρ
1294 2758 1419 2806 ἐστίν
1443 2776 1466 2807 c
1491 2788 1545 2794 -
1572 2766 1639 2806 15.
1674 2764 1853 2832 εἴρηται

169 2822 230 2867 bc
260 2819 445 2878 λέγεται
469 2836 498 2866 α
523 2847 576 2855 -
605 2827 672 2866 16.
706 2817 906 2879 γάλλων]
941 2819 1102 2879 γάμων
1127 2822 1151 2866 b
1179 2847 1231 2853 -—
1268 2826 1334 2865 17.
1368 2819 1488 2878 τάχα
1511 2817 1724 2866 τοιουτόν
1755 2838 1800 2866 τι
1823 2837 1854 2867 a
