1998 3088
178 125 249 178 34
824 119 1195 163 KOPNOTTOT

176 247 397 312 κίνησιν
437 245 501 312 τῇ
533 238 679 294 κάτω
716 236 872 311 [πρὸς
903 234 1176 306 στροφὴν]
1210 233 1408 289 ἄνισον
1440 234 1532 288 καὶ
1562 231 1863 304 ἀνώμαλον

177 340 434 393 ποιεῖται,
481 326 819 399 βραδυτέρας
865 323 1066 393 ταύτης
1109 321 1302 393 οὔσης,
1349 326 1645 392 χωλαίνειν
1685 320 1861 378 αὐτόν

178 421 405 486 ἔφασαν.
446 416 675 484 ῥιφῆναι
717 410 768 467 δ’
809 410 915 467 ὑπὸ
958 414 1057 466 τοῦ
1091 409 1232 475 Διὸς
1263 413 1341 474 εἰς
1379 412 1485 480 γῆν
1517 411 1573 476 ἐξ
1613 407 1861 482 οὐρανοῦ

176 507 387 574 λέγεται
421 501 512 556 διὰ
545 500 606 556 τὸ
639 500 768 565 τοὺς
798 498 1049 570 πρώτους
1081 505 1211 563 ἴσως
1242 494 1585 567 ἀρξαμένους
1616 501 1860 569 χρῆσθαι

133 611 154 643 ε
177 593 310 659 πυρὶ
343 592 399 645 ἐκ
429 592 864 661 κεραυνοβολίου
895 587 1170 659 καιομένῳ
1203 587 1347 660 αὐτῷ
1383 597 1721 658 περιτυχεῖν,
1760 607 1861 656 μη-

179 682 324 735 δέπω
366 681 581 750 ἐπινοίᾳ
624 679 735 732 τῶν
776 680 991 747 πυρίων
1036 676 1310 729 ἐπιπεσεῖν
1346 674 1707 744 δυναμένους.
1767 696 1860 744 γυ-

177 779 340 821 ναῖκα
373 764 425 820 δ’
454 763 627 820 αὐτοῦ
658 763 760 834 τὴν
791 760 1123 834 Ἀφροδίτην
1158 765 1372 833 ἔφασαν
1405 759 1549 816 εἶναι
1573 759 1705 816 καθ’
1736 756 1860 817 οἷον

181 854 349 924 λόγον
374 854 465 908 καὶ
491 857 601 908 τῶν
626 855 882 922 Χαρίτων
906 855 1062 921 μίαν·
1089 848 1160 914 ὡς
1184 848 1289 920 γὰρ
1315 848 1479 920 χάριν
1505 848 1689 920 φαμὲν
1715 854 1862 922 ἔχειν

175 941 241 997 τὰ
280 940 495 1012 τεχνικὰ
529 945 686 1011 ἔργα,
729 937 870 995 οὕτω
904 939 994 994 καὶ
1026 936 1339 1011 ἀφροδίτην
1369 936 1496 994 τινὰ
1527 936 1718 1003 αὐτοῖς
1749 940 1861 993 ἐπι-

112 1045 155 1078 10
178 1031 388 1099 τρέχειν
428 1030 685 1098 λέγομεν,
725 1031 776 1082 εἰ
810 1026 883 1098 μὴ
923 1025 1060 1097 πρὸς
1089 1026 1435 1098 παράστασιν
1473 1030 1574 1082 τοῦ
1613 1025 1758 1082 πολὺ
1795 1025 1858 1082 τὸ

175 1120 427 1186 πυρῶδες
465 1114 608 1171 εἶναι
647 1117 708 1170 ἐν
746 1126 863 1180 ταῖς
900 1114 1039 1186 πρὸς
1078 1113 1175 1179 τὰς
1213 1116 1383 1184 μίξεις
1424 1111 1620 1185 ὁρμαῖς
1656 1115 1862 1170 πέπλα-

177 1222 297 1260 σται
329 1208 509 1260 τοῦτο.
569 1204 850 1258 δεδεκέναι
884 1202 944 1257 δὲ
977 1202 1279 1273 μυθεύεται
1310 1200 1409 1256 τὸν
1433 1199 1611 1271 ’Ἄρην
1642 1202 1862 1274 μοιχεύ-

178 1313 310 1347 οντα
349 1290 448 1360 τὴν
488 1303 722 1361 γυναῖκα
757 1294 790 1358 [·
830 1291 923 1345 καὶ
962 1290 1067 1359 γὰρ
1101 1287 1129 1345 ὁ
1172 1292 1357 1359 μῦθος
1387 1289 1535 1360 παρὰ
1561 1293 1635 1364 τῷ
1660 1294 1860 1363 ποιητῇ

178 1381 316 1447 ἐστι,
354 1379 715 1444 παλαιότατος
754 1377 882 1448 ὤν],
930 1377 1117 1447 ἐπειδὴ
1165 1381 1230 1448 τῇ
1269 1380 1369 1432 τοῦ
1408 1376 1582 1447 πυρὸς
1625 1379 1861 1450 δυνάμει

111 1483 153 1516 15
178 1465 207 1522 ὁ
249 1466 477 1537 σιδηρὸς
513 1467 605 1521 καὶ
645 1465 673 1522 ὁ
715 1464 912 1536 χαλκὸς
944 1465 1254 1532 δαμάζεται·
1293 1464 1356 1520 τὸ
1396 1465 1458 1521 δὲ
1489 1470 1586 1536 τῆς
1615 1472 1862 1538 μοιχείας

171 1555 392 1624 πλάσμα
429 1560 761 1624 παρίστησιν
801 1552 886 1608 ὅτι
926 1550 993 1608 ού
1031 1551 1181 1607 πάνυ
1215 1542 1322 1623 ,μὲν
1355 1554 1566 1623 πέφυκε
1595 1556 1861 1625 κατάλλη-

171 1649 271 1698 λον
311 1641 372 1697 τὸ
406 1642 645 1713 μάχιμον
677 1641 768 1696 καὶ
799 1644 987 1710 βίαιον
1014 1643 1089 1716 τῷ
1114 1643 1288 1715 ἱλαρῷ
1321 1644 1412 1698 καὶ
1444 1647 1692 1715 μειλιχίω
1726 1640 1860 1698 οὐδὲ

169 1729 304 1784 κατὰ
340 1729 441 1785 τὸν
471 1728 710 1800 φυσικὸν
742 1727 891 1803 αὐτῷ
924 1729 1104 1799 νόμον
1136 1729 1501 1799 ἐπιπλέκεται,
1541 1729 1860 1787 ἀντιποιού-

171 1839 340 1887 μενον
381 1819 446 1873 δέ
487 1837 603 1882 πως
645 1820 742 1887 τῆς
787 1819 981 1888 μίξεως
1029 1814 1202 1894 αὐτοῦ
1240 1819 1415 1874 καλὸν
1461 1820 1552 1875 καὶ
1591 1831 1860 1890 γενναῖον

107 1919 152 1951 ²⁰
175 1907 446 1976 γέννημα,
485 1904 588 1976 τὴν
628 1907 681 1972 ἐξ
720 1903 935 1976 ἀμφοῖν
972 1903 1274 1977 ἁρμονίαν,
1315 1904 1581 1962 ἀποτελεῖ.
1642 1908 1859 1978 λέγεται

175 1992 234 2047 δὲ
275 1990 303 2047 ὁ
330 1987 635 2063 ”Ηφαιστος
672 1992 1031 2062 μαιώσασθαι
1069 1992 1170 2047 τὸν
1207 1998 1347 2063 Διά,
1389 1991 1479 2049 ὅτε
1519 1994 1726 2050 ὤδινεν
1755 1995 1858 2066 τὴν

294 2100 331 2136 1.
378 2095 434 2149 τῇ
474 2091 599 2138 κάτω
639 2095 922 2139 Studemumd
960 2095 1042 2149 τῆς
1082 2111 1124 2138 κ.
1171 2095 1208 2138 Ο
1250 2121 1306 2127 -
1351 2097 1532 2154 στροφ.]
1575 2094 1757 2152 τροφήν
1801 2099 1862 2142 be

171 2149 347 2207 τροπήν
387 2151 452 2208 Ν,
496 2177 550 2184 —
591 2157 630 2195 2.
675 2155 919 2196 ποιεῖσθαι
959 2166 982 2196 c
1021 2178 1075 2184 —
1127 2150 1298 2208 ταύτης
1338 2154 1473 2210 Lany
1516 2151 1563 2198 δ’
1607 2151 1753 2211 αὐτῆς
1793 2157 1859 2200 ab

173 2205 318 2264 αὐτῆς
342 2223 365 2253 c
389 2235 443 2241 -
469 2215 509 2253 5.
544 2206 886 2266 κεραυνοβόλου
913 2211 971 2255 bc
994 2237 1049 2243 —
1082 2206 1207 2269 αὐτῷ
1232 2211 1453 2256 Villoison
1481 2208 1573 2270 ὅτῳ
1597 2229 1628 2258 a
1658 2212 1806 2273 τούτῳ
1833 2216 1858 2259 b

172 2264 341 2311 τούτου
375 2269 600 2323 (anteced.
632 2267 907 2324 καιομένου)
940 2283 963 2314 c
994 2295 1048 2301 —
1083 2275 1122 2313 6.
1155 2274 1252 2320 τοῖς
1282 2272 1465 2323 πυρίοις
1497 2269 1564 2316 b'c
1595 2274 1677 2315 τοῦ
1709 2269 1860 2327 πυρὸς

171 2326 238 2383 N²
275 2351 329 2358 —
370 2331 409 2370 7.
443 2331 482 2371 8.
516 2321 634 2370 καθ’
669 2320 723 2370 ὃν
762 2323 900 2382 λόγον
936 2327 1008 2371 Os.
1041 2328 1106 2371 ed.
1143 2353 1195 2360 —
1237 2334 1276 2373 8.
1318 2325 1400 2372 τὸν
1436 2332 1636 2384 χαρίτων
1669 2333 1780 2388 μίαν
1807 2332 1865 2376 N

172 2380 256 2439 τὴν
290 2380 423 2439 χάριν
457 2401 500 2440 μ.
534 2382 629 2428 a'L
660 2410 714 2416 -
748 2389 788 2429 9.
821 2380 969 2435 οὕτως
1001 2401 1030 2429 a
1066 2411 1120 2417 —
1164 2391 1231 2430 12.
1271 2387 1531 2432 δεδωκέναι
1568 2391 1621 2445 (ω
1663 2404 1755 2434 non
1788 2405 1858 2435 sa-

170 2441 233 2486 tis
264 2444 382 2498 pur.)
419 2442 468 2484 X
510 2443 761 2486 δεδυκέναι
791 2442 894 2487 NG
934 2443 1202 2488 δεδοικέναι
1234 2458 1257 2488 c
1295 2470 1349 2477 —
1393 2444 1655 2502 μυθεύεται
1690 2449 1742 2492 Χ
1771 2465 1851 2504 μυ-

171 2496 401 2543 θεύονται
426 2496 609 2557 a'V2bc
641 2500 726 2558 [μ.]
752 2501 768 2545 l
792 2526 846 2533 —-
882 2506 949 2545 18.
984 2499 1139 2546 αὐτῶν
1165 2504 1190 2546 b
1222 2495 1284 2546 αὖ
1309 2517 1333 2548 c
1365 2530 1419 2536 —
1453 2502 1788 2551 ἐπιπέπλεκται
1814 2507 1858 2552 G·

174 2554 502 2602 ἒπιπλέκονται
532 2558 658 2615 N,B
682 2585 736 2591 —-
773 2564 838 2604 18.
873 2565 938 2603 19.
973 2556 1374 2616 ἀντιποιουμένων
1397 2563 1614 2608 Eudocia
1644 2561 1857 2610 ἀντιποι-

172 2613 373 2671 ουμένου
400 2615 513 2660 Gale
536 2642 589 2648 —-
618 2622 685 2662 19.
719 2613 867 2662 αὐτοῦ
901 2632 1012 2663 corr.
1046 2619 1093 2662 in
1127 2615 1274 2663 αὐτὸν
1299 2620 1355 2663 Ν
1380 2617 1495 2666 αὐτὸ
1521 2622 1567 2665 Β
1599 2619 1755 2666 αὐτῶν
1781 2625 1859 2669 Ge

172 2698 227 2706 -
261 2678 330 2717 20.
363 2669 588 2719 ἀποτελεῖ
609 2672 830 2728 (ἐπιτελεῖ
855 2677 905 2719 X
914 2694 924 2730 3
957 2675 1005 2719 in
1037 2678 1123 2721 hoc
1148 2678 1289 2722 verbo
1315 2678 1471 2723 deficit
1498 2681 1586 2736 X).
1618 2681 1801 2737 λέγεται
1828 2698 1858 2728 α

173 2727 432 2776 ἀποτελεῖν.
465 2735 555 2787 λεγ.
589 2733 614 2776 b
646 2729 892 2778 ἀποτελεῖν
925 2736 1111 2780 εἴωθεν.
1158 2734 1249 2791 λέγ.
1283 2750 1306 2781 c
1339 2762 1393 2768 —-
1428 2742 1497 2782 21.
1534 2736 1600 2796 [ὁ]
1635 2736 1717 2796 ἡφ.
1752 2755 1774 2785 c
1798 2767 1854 2774 -—

179 2794 248 2835 21.
282 2804 325 2846 p.
358 2795 428 2845 35,
465 2797 501 2834 1.
535 2807 571 2836 t.
605 2807 648 2834 α.
683 2787 762 2836 ὤᾱ.
796 2804 820 2836 c
