1998 3088
161 128 233 180 48
815 125 1188 171 KOPNOTTOT

161 243 389 315 ταύτην·
436 243 633 308 Πόθος
675 241 727 297 δ’
761 241 867 298 ἀπὸ
911 246 1006 314 τῆς
1045 245 1159 298 τῶν
1191 239 1517 312 φιλημάτων
1550 241 1847 312 μιμήσεως,

164 331 302 387 ὅθεν
335 336 455 402 ἔσχε
486 329 589 400 τὴν
619 333 815 400 κλῆσιν
848 330 938 385 καὶ
973 328 1002 386 ὁ
1034 329 1281 399 πάππας,
1320 326 1354 400 ἢ
1393 327 1500 384 ἀπὸ
1540 332 1642 384 τοῦ
1672 327 1847 385 πολλὰ

164 418 558 474 πυνθάνεσθαι
604 418 727 487 περὶ
775 421 888 473 τῶν
937 420 1231 488 ἐρωμένων
1276 416 1409 480 τοὺς
1454 419 1695 487 ἐρῶντας
1737 419 1848 486 [καὶ

165 505 349 562 αὐτῶν
389 508 641 576 ἐκείνων,
680 505 860 561 πόθεν
894 510 1149 576 ἔρχονται
1180 506 1271 559 καὶ
1301 509 1413 560 ποῦ
1442 499 1626 575 ἦσαν]

121 612 141 643 5
261 594 444 650 ’Ένιοι
485 594 545 648 δὲ
583 595 673 648 καὶ
711 591 812 648 τὸν
863 591 999 648 ὅλον
1036 592 1249 663 κόσμον
1287 597 1609 663 νομίζουσιν
1631 593 1849 664 ’Έρωτα

166 680 336 751 εἶναι,
375 681 548 737 καλόν
586 703 642 737 τε
681 682 771 736 καὶ
806 679 1184 761 ἐπαφρόδιτον
1222 679 1314 734 καὶ
1346 677 1551 751 νεαρὸν
1585 679 1720 737 ὄντα
1759 681 1849 736 καὶ

165 769 542 841 πρεσβύτατον
583 768 694 840 ἅμα
732 769 959 824 πάντων
998 768 1090 823 καὶ
1129 771 1313 842 πολλῷ
1346 769 1686 840 κεχρημένον
1717 769 1850 839 πυρὶ

165 858 254 912 καὶ
286 869 510 928 ταχεῖαν
541 855 720 927 ῶσπερ
753 853 862 910 ἀπὸ
895 856 1106 921 τοξείας
1135 850 1169 925 ἢ
1205 853 1298 909 διὰ
1321 858 1538 927 πτερῶν
1569 853 1672 925 τὴν
1697 859 1852 926 κίνη-

166 962 257 1000 σιν
288 944 651 1015 ποιούμενον·
685 944 752 1015 (ο.
785 943 899 1016 26.)
928 946 1131 998 τοῦτον
1165 941 1215 997 δ’
1244 941 1424 1007 ἄλλως
1454 940 1599 998 εἶναι
1629 944 1720 998 καὶ
1752 941 1851 999 τὸν

100 1031 492 1102 10”Ατλαντα,
533 1030 928 1102 ἀταλαιπώρως
963 1029 1305 1086 ἀποδιδόντα
1336 1029 1402 1086 τὰ
1433 1029 1570 1085 κατὰ
1599 1030 1731 1096 τοὺς
1763 1033 1852 1102 έμ-

165 1121 589 1191 περιεχομένους
629 1121 688 1174 ἐν
730 1117 877 1193 αὐτῷ
918 1118 1122 1189 λόγους
1151 1118 1419 1190 γινόμενα
1456 1119 1548 1174 καὶ
1585 1117 1729 1174 οὕτω
1761 1119 1853 1174 καὶ

165 1207 263 1262 τὸν
303 1205 551 1279 οὐρανὸν
589 1206 957 1278 βαστάζοντα,
998 1211 1143 1279 ἔχειν
1185 1206 1246 1262 δὲ
1279 1211 1472 1272 κίονας
1511 1205 1722 1278 μακρὰς
1758 1205 1854 1272 τὰς

164 1300 275 1351 τῶν
328 1300 612 1366 στοιχείων
668 1296 958 1367 δυνάμεις,
1012 1293 1145 1351 καθ’
1196 1292 1262 1360 ἃς
1313 1293 1381 1350 τὰ
1434 1295 1536 1366 μὲν
1587 1294 1850 1367 ἀνωφερῆ

167 1385 304 1453 ἐστι,
344 1384 409 1437 τὰ
452 1382 512 1438 δὲ
550 1387 867 1456 κατωφερῆ·
907 1381 1013 1438 ὑπὸ
1047 1382 1261 1439 τούτων
1292 1382 1398 1454 γὰρ
1432 1386 1852 1453 διακρατεῖσθαι

101 1487 142 1519 15
166 1472 263 1527 τὸν
304 1469 552 1541 οὐρανὸν
590 1471 681 1526 καὶ
719 1470 823 1542 τὴν
861 1475 991 1542 γῆν
1031 1469 1354 1545 ὀλοόφρονα
1395 1469 1445 1525 δ’
1491 1469 1662 1526 αὐτὸν
1710 1475 1853 1543 εἰρῆ-

167 1567 300 1614 σθαι
334 1558 427 1614 διὰ
456 1558 518 1615 τὸ
552 1560 675 1632 περὶ
700 1563 812 1615 τῶν
849 1557 999 1614 ὅλων
1030 1563 1345 1631 φροντίζειν
1369 1559 1459 1615 καὶ
1484 1568 1854 1631 προνοεῖσθαι

165 1651 259 1717 τῆς
289 1648 511 1702 πάντων
546 1645 766 1716 [αὐτοῦ]
802 1651 913 1703 τῶν
944 1652 1128 1718 μερῶν
1161 1651 1448 1718 σωτηρίας.
1503 1649 1562 1702 ἐκ
1595 1646 1647 1703 δ’
1680 1648 1855 1704 αὐτοῦ

164 1734 260 1800 τὰς
297 1736 577 1799 Πλειάδας
613 1735 902 1805 γεγονέναι
955 1736 1362 1806 παρισταμένου
1407 1732 1491 1790 ὅτι
1547 1734 1728 1790 πάντα
1783 1735 1848 1791 τὰ

167 1823 339 1895 ἄστρα
364 1827 593 1879 πλείονα
620 1822 755 1878 ὄντα
773 1825 1087 1894 ἐγέννησεν,
1101 1821 1366 1897 Ἀστραίῳ
1385 1845 1440 1878 τε
1457 1823 1547 1878 καὶ
1567 1822 1854 1895 Θαύμαντι

286 2003 326 2042 2.
359 1996 520 2048 πάπας
551 1995 593 2042 α’
626 1999 786 2071 παπᾶτς
818 1999 1006 2054 (-ουςΒ
1038 2015 1143 2042 --ou
1178 1999 1261 2055 W)
1294 2003 1389 2044 cett
1425 2025 1477 2031 —
1510 2005 1551 2044 3.
1585 2004 1624 2044 4.
1651 2000 1758 2074 ,καὶ
1772 1996 1854 2044 αὖ·

174 2057 267 2100 τῶν
301 2053 494 2100 ἐκείνων
530 2057 567 2099 Ο
606 2055 687 2100 καὶ
718 2051 780 2101 αὖ
820 2058 911 2100 τῶν
947 2053 1140 2101 ἐκείνων
1175 2057 1248 2101 Os.
1295 2057 1376 2101 καὶ
1406 2057 1512 2112 περὶ
1545 2053 1703 2101 αντῶν
1736 2055 1853 2103 ἐκεί-

170 2131 280 2163 νους
323 2115 399 2158 vel
440 2114 520 2157 καὶ
562 2115 669 2169 περὶ
711 2113 868 2159 αὐτῶν
914 2112 1108 2159 ἐκείνων
1148 2113 1260 2165 τούς
1306 2113 1570 2172 ἐρωμένους
1618 2117 1855 2162 Villoison.

170 2172 289 2216 Vide
321 2186 377 2216 ne
408 2174 559 2216 totum
591 2174 714 2229 quod
745 2176 817 2217 est
846 2173 903 2217 de
929 2171 1088 2232 Ιμέρῳ
1122 2175 1168 2217 et
1198 2170 1350 2233 Πόθῳ
1383 2188 1563 2218 comma
1595 2175 1656 2218 sit
1688 2176 1853 2220 eicien-

172 2231 281 2275 dum
320 2255 374 2262 —
408 2234 448 2274 8.
481 2226 575 2274 ἀπὸ
607 2231 689 2299 τῆς
719 2232 900 2285 τοξείας
932 2233 990 2276 bc

290 2288 454 2332 XXVI.
487 2293 527 2333 9.
553 2285 721 2333 τούτου
747 2290 849 2347 aN
865 2304 888 2334 c
913 2290 1128 2334 τοιοῦτον
1156 2290 1226 2334 Os.
1255 2316 1310 2322 —
1335 2295 1375 2336 9.
1404 2295 1471 2334 10.
1500 2289 1622 2350 [τὸν]
1649 2288 1854 2337 ἅτλαντα

171 2347 274 2404 LV
292 2348 350 2392 bc
367 2373 421 2379 —
442 2352 510 2390 11.
538 2343 588 2391 ἐν
614 2343 742 2405 αὐτῷ
764 2349 835 2392 08.
856 2374 910 2380 —-
928 2348 1008 2392 καὶ
1026 2365 1147 2392 ουτω
1173 2343 1338 2420 (οὕτως
1361 2351 1408 2405 a)
1433 2351 1513 2394 καὶ
1530 2351 1595 2394 ab
1619 2351 1702 2395 καὶ
1732 2367 1853 2395 ουτω

174 2406 294 2463 [καὶ]
327 2420 350 2449 c
389 2406 471 2463 [κ.]
519 2422 614 2449 ουτ.
654 2423 694 2450 κ.
731 2406 804 2450 Os.
844 2431 899 2439 —
942 2412 1009 2453 12.
1049 2403 1130 2450 τὸν
1169 2403 1375 2461 οὐρανὸν
1418 2409 1454 2451 O
1493 2426 1530 2453 τ.
1573 2425 1610 2453 ο.
1652 2410 1732 2454 καὶ
1769 2407 1855 2465 τὴν

172 2464 264 2519 γῆν
291 2464 363 2508 Os.
398 2489 454 2496 —-
491 2469 557 2507 15.
590 2460 672 2507 τὸν
704 2460 803 2520 οὗρ.
837 2482 876 2509 κ.
910 2463 995 2521 τὴν
1028 2466 1117 2535 γῆν
1142 2481 1172 2509 α
1172 2463 1253 2523 'V2
1289 2467 1347 2523 [τ.
1374 2482 1412 2510 ο.
1438 2467 1499 2524 κ.]
1534 2464 1620 2523 τὴν
1652 2468 1739 2524 γῆν
1772 2469 1854 2512 blc
1915 2477 1919 2480 ⁴

174 2548 228 2553 -
268 2518 531 2578 ὁλοόφρονα
563 2522 667 2566 LN
675 2522 717 2566 G
749 2549 804 2556 —-
839 2529 913 2567 16.
946 2524 1028 2568 τοῦ
1064 2520 1173 2569 ολου
1202 2525 1345 2569 Schm.
1381 2551 1435 2558 —
1471 2531 1539 2570 18.
1571 2525 1854 2582 παρισταμέ-

170 2596 256 2624 νου
289 2580 426 2637 Lany
470 2579 844 2638 παρισταμένους
883 2583 1001 2627 aNc
1043 2580 1378 2639 παριστάμενοι
1410 2584 1535 2628 Eud.
1575 2586 1890 2640 παριστᾶσιν“

172 2684 255 2752 (·σι
295 2682 442 2739 G)N2
457 2680 494 2727 b'
538 2708 591 2714 —
634 2689 701 2728 19.
741 2679 945 2740 ἀστραίω
987 2684 1043 2741 V2
1085 2665 1259 2735 ἀστρεω
1302 2685 1364 2728 M
1402 2681 1578 2741 ἀστρεῶ
1619 2686 1728 2745 PV
1743 2687 1860 2732 GW

172 2736 349 2795 ἀστρέω
376 2741 473 2784 LB
505 2737 681 2797 ἀστρεω
713 2742 767 2786 N
794 2767 847 2774 ——
872 2740 1115 2797 θαύμαντι
1139 2740 1506 2801 N21fflxz5pavug
1537 2745 1636 2800 (sed
1667 2763 1728 2789 αυ
1761 2761 1854 2791 non

173 2801 291 2855 pur.)
326 2799 367 2843 G
399 2795 638 2858 ἀθάμαντι
672 2800 740 2857 (in
771 2801 799 2846 l.
834 2816 894 2846 er.
935 2801 999 2857 V)
1033 2802 1151 2847 aNc
