1998 3088
815 120 1148 164 ΕΠΙΔΡοΜΗ.
1755 123 1826 175 23

135 234 372 299 λύοντος
401 231 496 298 τὰς
532 233 591 288 ἐν
625 232 815 299 αὐτοῖς
839 234 1115 306 διαφορὰς
1137 237 1228 291 καὶ
1254 238 1590 303 συνδέοντος
1624 238 1829 305 αὐτοὺς

134 322 341 394 ἅμματι
374 320 651 396 δυσλύτςο·
693 321 785 376 διὰ
817 325 981 377 τοῦτο
1014 322 1120 394 γὰρ
1151 325 1241 379 καὶ
1275 325 1633 396 εἰρηνοποιὸν
1675 330 1831 382 δοκεῖ

100 441 110 452 s
135 409 198 467 τὸ
238 410 533 482 κηρύκειον
565 408 725 465 εἶναι.
768 411 1024 482 [φέρουσι
1051 409 1102 466 δ’
1130 410 1311 477 ἄλλως
1335 416 1392 468 oc
1413 413 1691 483 μετιόντες
1723 413 1826 485 τὴν

136 498 365 570 εἰρήνην
403 499 496 553 καὶ
534 496 782 564 θαλλοὺς
819 498 955 569 μετὰ
986 510 1171 570 χεῖρας
1201 499 1338 569 πρὸς
1368 499 1685 572 ὑπόμνησιν
1725 506 1827 557 τοῦ

135 595 504 658 γεωργεῖσθαι
542 588 734 643 θέλειν
777 585 880 658 τὴν
926 587 1113 658 χώραν
1158 588 1249 642 καὶ
1298 590 1475 658 φειδώ
1520 610 1644 643 τινα
1683 588 1871 645 εἷναι5

135 679 248 730 τῶν
293 674 516 747 ἡμέρων
561 676 654 730 καὶ
700 674 1077 747 καρποφόρων
1121 679 1352 746 φυτῶν]
1432 679 1489 732 ἐκ
1538 677 1598 732 δὲ
1639 682 1830 743 Μαίας

135 768 350 834 ἔφασαν
412 767 785 834 γεγεννῆσθαι
845 767 950 818 Διῒ
1006 763 1105 820 τὸν
1149 762 1356 836 Ἑρμῆν
1418 763 1830 836 ὑποδηλοῦντες

133 852 303 907 πάλιν
345 851 437 906 διὰ
468 844 672 907 τούτου
703 856 945 922 θεωρίας
975 853 1066 907 καὶ
1100 853 1368 923 ζητήσεως
1398 854 1648 924 γέννημα
1682 852 1825 909 εἶναι

132 939 233 995 τὸν
272 939 466 1011 λόγον·
520 940 611 994 καὶ
659 938 764 1010 γὰρ
813 942 873 994 αἱ
916 938 1250 1011 μαιούμεναι
1296 940 1394 1006 τὰς
1439 952 1707 1011 γυναῖκας
1746 943 1827 996 ε’ν·

133 1033 337 1083 τεῦθεν
384 1035 631 1099 εἴρηνται
678 1039 836 1099 μαῖαι
884 1031 958 1103 τῷ
1000 1026 1154 1083 ὦσαν
1193 1030 1247 1095 ἐξ
1288 1028 1518 1100 ἐρεύνης
1559 1029 1827 1102 προάγειν
1852 1047 1896 1079 10

135 1121 213 1182 εἰς
251 1120 372 1187 φῶς
408 1114 474 1171 τὰ
513 1116 707 1187 βρέφη.
775 1115 1063 1171 πλάττεται
1106 1116 1167 1171 δὲ
1206 1116 1360 1188 ἄχειρ
1399 1118 1490 1172 καὶ
1523 1116 1698 1183 ἄπους
1735 1118 1827 1172 καὶ

135 1203 479 1276 τετράγωνος
531 1207 606 1279 τῷ
649 1203 898 1275 σχήματι
961 1202 990 1259 ὁ
1046 1203 1271 1276 Ἑρμῆς,
1331 1204 1674 1276 τετράγωνος
1727 1205 1830 1278 μὲν

131 1295 208 1368 τῷ
259 1291 367 1361 [τὸ]
419 1292 646 1363 ἑδραῖόν
694 1314 742 1348 τι
788 1293 878 1347 καὶ
931 1289 1175 1363 ἀσφαλὲς
1221 1298 1365 1364 ἔχειν
1413 1291 1551 1348 ὥστε
1597 1294 1686 1348 καὶ
1733 1292 1830 1360 τὰς

133 1380 366 1445 πτώσεις
404 1378 578 1435 αὐτοῦ
617 1380 806 1450 βάσεις
842 1378 1011 1450 εἶναι,
1051 1379 1206 1452 ἄχειρ
1249 1380 1310 1436 δὲ
1347 1381 1439 1436 καὶ
1479 1379 1672 1451 ἅπους,
1712 1381 1828 1437 ἐπεὶ

136 1467 263 1523 οὕτε
313 1471 516 1540 χειρῶν
566 1467 694 1524 οὔτε
745 1471 935 1523 ποδῶν
973 1471 1163 1544 δεῖται
1212 1467 1351 1537 πρὸς
1403 1467 1464 1524 τὸ
1517 1466 1715 1524 άνύειν
1764 1468 1826 1525 τὸ
1854 1485 1897 1518 1⁵

134 1560 501 1628 προκείμενον
527 1554 691 1631 αὐτῷ.
738 1558 794 1611 οἱ
816 1554 869 1610 δ’
898 1553 1119 1627 άρχαῖοι
1143 1555 1274 1621 τοὺς
1297 1557 1399 1627 μὲν
1423 1558 1830 1628 πρεσβυτέρους

133 1645 224 1699 καὶ
258 1647 586 1715 γενειῶντας
609 1642 813 1717 “Ερμᾶς
846 1642 993 1716 ὀρθὰ
1025 1646 1253 1700 ἐποίουν
1278 1643 1344 1699 τὰ
1370 1647 1557 1700 αἰδοῖα
1582 1649 1828 1716 ἔχοντας,

132 1731 263 1797 τοὺς
302 1732 364 1787 δὲ
403 1733 706 1804 νεωτέρους
743 1733 836 1787 καὶ
874 1737 1059 1798 λείους
1096 1733 1424 1804 παρειμένα,
1464 1731 1829 1803 παριστάντες

134 1819 219 1876 ὅτι
260 1822 320 1876 ἐν
359 1832 476 1885 τοῖς
512 1820 884 1893 προβεβηκόσι
916 1832 1035 1885 ταῖς
1065 1818 1302 1892 ἡλικίαις
1332 1820 1564 1892 γόνιμος
1600 1818 1628 1875 ὁ
1663 1820 1830 1890 λόγος

132 1909 224 1963 καὶ
263 1900 471 1973 τέλειός
509 1910 684 1978 ἐστιν,
727 1904 808 1982 [ὃς
848 1907 917 1979 δὴ
956 1909 1047 1963 καὶ
1079 1907 1251 1979 τυχὸν
1282 1910 1357 1983 τῷ
1398 1907 1519 1964 ὄντι
1554 1909 1667 1963 ἐστὶ
1698 1930 1826 1978 τυγ-
1852 1924 1895 1956 20

133 1995 323 2067 χάνων
370 1988 451 2051 ὧν
498 1993 570 2051 ἂν
613 1996 941 2067 πρόθηται,]
1000 1998 1062 2052 ἐν
1118 1995 1179 2051 δὲ
1224 2007 1340 2060 τοῖς
1378 1993 1583 2065 άεόροις
1622 1995 1829 2066 ἄγονος

132 2085 223 2139 καὶ
265 2082 471 2155 ἀτελής.
541 2086 762 2154 ἵδρυται
803 2084 864 2139 δὲ
903 2085 964 2139 ἐν
1003 2095 1123 2149 ταῖς
1161 2081 1315 2149 ὁδοῖς
1352 2083 1444 2138 καὶ
1484 2082 1703 2148 ἐνόδιος
1745 2084 1830 2139 λέ-

253 2208 293 2261 3.
333 2215 558 2272 κηρύκιον
598 2230 622 2260 c
659 2213 883 2273 κηρύριον
919 2216 971 2260 Χ
1010 2242 1065 2248 -
1108 2221 1149 2260 4.
1189 2212 1305 2273 μετὰ
1346 2221 1505 2272 χεῖρας
1547 2217 1642 2271 (-ας
1671 2215 1701 2261 i.
1729 2215 1758 2259 l.
1786 2228 1825 2259 e.

138 2276 222 2332 M)
247 2276 397 2320 {XM
425 2271 503 2320 διὰ
530 2292 569 2331 χ.
595 2270 644 2319 Ρ
665 2271 761 2319 άνὰ
787 2292 826 2332 χ.
860 2277 920 2320 bc
943 2301 1002 2307 —
1027 2281 1066 2319 7.
1100 2276 1388 2331 γεγενῆσθαι
1411 2274 1515 2318 ΝΡ
1539 2275 1830 2330 γεγενῆσθαι

136 2347 191 2377 ex
221 2334 536 2391 γεγεννῆσθαι
573 2335 626 2377 Χ
655 2360 710 2366 -
755 2339 823 2379 10.
864 2331 1036 2379 ὡσανεὶ
1068 2335 1128 2378 bc
1159 2359 1214 2366 -
1249 2332 1298 2387 ἐξ
1335 2329 1528 2389 ἐρεύνης
1561 2349 1589 2377 α
1635 2329 1683 2386 ἐξ
1725 2329 1830 2387 §925-

138 2409 223 2449 νης
254 2394 419 2437 mussat.
452 2393 501 2437 in
535 2389 583 2446 ἐξ
617 2389 856 2450 εὐφρόνης
878 2393 928 2437 Ν
961 2389 1010 2447 ἐξ
1046 2388 1297 2449 εὖφρόνιος
1321 2392 1363 2436 G
1397 2388 1691 2447 ἐξερευνήσει
1725 2404 1748 2435 c
1772 2415 1830 2423 -

138 2457 206 2496 11.
247 2451 300 2496 δὲ
332 2452 414 2496 καὶ
443 2448 578 2508 ἄχειρ
609 2466 634 2497 c
673 2478 726 2484 -
771 2457 838 2496 12.
874 2448 939 2510 [ὁ]
983 2449 1080 2509 ἕρμ.
1114 2450 1158 2496 α’
1190 2477 1245 2484 -
1281 2456 1349 2495 13.
1389 2452 1451 2509 τῷ
1487 2447 1678 2505 ἓδραῑόν
1710 2466 1755 2493 τι
1786 2466 1828 2493 τι.

135 2506 249 2566 οἷσφ.
284 2508 410 2566 ἔχειν
449 2511 587 2567 La‘ny
625 2511 687 2555 τῶ
727 2508 779 2555 τὸ
824 2506 1015 2567 ἕδραίόν
1056 2526 1104 2555 τε
1138 2510 1249 2568 ([τε]
1284 2510 1342 2565 G)
1375 2509 1455 2554 καὶ
1487 2505 1698 2564 ἀσφαλὲς
1731 2507 1831 2564 (καὶ

135 2565 187 2612 τὸ
221 2564 331 2625 άσφ.
364 2569 437 2625 Ν)
480 2568 605 2626 ἔχειν
639 2558 676 2613 Ο
715 2570 778 2629 τῷ
821 2565 1012 2626 ἕδραῖόν
1044 2586 1087 2613 τι
1120 2586 1161 2615 κ.
1194 2565 1306 2624 άσφ.
1342 2566 1466 2624 ἔχειν
1506 2564 1558 2611 τὸ
1599 2565 1828 2622 τετράγω-

136 2643 220 2671 νον
251 2628 397 2672 Schm.
455 2654 509 2660 -
564 2627 645 2672 καὶ
691 2625 794 2686 τὰς]
841 2625 995 2679 πάσας
1041 2628 1187 2673 Schm.
1237 2653 1291 2659 —
1341 2632 1408 2670 14.
1460 2622 1595 2686 βάσιν
1646 2625 1717 2669 Os.
1760 2626 1826 2669 ed.

136 2685 261 2731 Eud.
298 2712 349 2719 -
385 2691 452 2732 18.
486 2704 526 2730 ν.
558 2686 639 2731 καὶ
669 2688 824 2738 λείους
855 2702 885 2731 α
923 2703 962 2731 ν.
996 2687 1078 2730 καὶ
1112 2683 1356 2742 ἀγενείους
1388 2686 1446 2730 bc
1487 2702 1526 2728 ν.
1561 2701 1601 2728 κ.
1635 2688 1671 2729 λ.
1705 2701 1746 2727 κ.
1780 2679 1828 2727 ά.

141 2744 211 2788 Os.
244 2746 309 2789 ed.
346 2770 398 2776 —
432 2750 502 2789 20.
537 2742 680 2802 τυχὸν
712 2747 843 2802 (mut.
876 2746 925 2789 in
957 2743 1042 2789 -ὠν
1064 2746 1136 2801 Χ)
1168 2758 1231 2790 ac
1262 2740 1414 2801 τυχών
1447 2744 1471 2787 b
1506 2769 1561 2775 -
1594 2747 1665 2787 22.
1699 2743 1829 2796 ἵδρυ-

136 2818 211 2846 ται
244 2802 297 2847 δὲ
330 2804 410 2847 καὶ
444 2820 478 2849 ε.
512 2818 535 2848 c
