1998 3088
640 141 912 187 CODICUM
941 141 1273 189 RECENSUS.
1689 162 1792 201 XIX

107 270 166 316 ut
202 270 374 316 nostro
414 282 440 316 e
479 266 651 316 critica
690 268 1000 330 supellectile
1039 269 1236 317 delectu
1274 268 1416 330 quasi
1457 268 1623 332 imago
1659 269 1793 318 effin-

108 343 312 404 geretur
373 340 756 404 archetyporum
817 342 998 404 trium,
1061 357 1188 404 quae
1250 342 1493 402 diximuS‚
1554 358 1794 404 generum

108 430 375 477 eorumque
428 415 754 478 familiarum3
809 416 1079 477 separatim
1127 415 1339 478 denique
1385 430 1409 464 0
1454 416 1653 478 generis
1699 417 1794 465 lec-

105 488 267 538 tiones
309 489 534 551 singulas
581 489 652 537 eis
699 491 898 537 tantum
944 490 1244 552 protulimus
1291 490 1435 549 10018,
1481 489 1568 538 ubi
1608 489 1795 538 Osanni

106 561 320 611 editione
357 565 589 624 receptae
629 565 758 610 sunt.

253 636 451 697 Restat,
491 638 549 684 ut
579 636 650 684 eis
681 636 826 696 viris,
866 637 952 698 qui
981 636 1034 685 111
1065 636 1252 685 edendo
1286 635 1504 685 Cornuto
1537 637 1665 685 alius
1698 637 1797 686 alio

104 709 250 758 modo
290 710 412 757 mihi
452 711 570 758 sunt
608 709 863 771 opitulati,
913 711 1103 772 gratias
1151 726 1296 773 agam
1343 725 1492 771 quam
1537 711 1795 772 plurimas

104 782 312 832 Praeter
351 798 519 832 omnes
558 783 672 831 illos
712 783 936 832 homines
976 784 1286 832 doctissimos
1296 821 1309 847 ,
1349 799 1470 846 quos
1505 800 1593 832 suo
1626 800 1794 846 quem-

106 871 201 919 que
254 858 360 907 loco
413 857 467 904 in
520 857 742 906 codicum
791 873 1000 906 recensu
1060 858 1262 906 honoris
1319 872 1470 906 causa
1529 858 1796 919 nominavi,

106 946 300 979 summa
338 946 450 979 cum
487 931 810 980 veneratione
848 931 998 980 laudo
1038 931 1433 980 illustrissimum
1464 931 1646 993 Magno
1670 931 1796 980 Duci

103 1003 259 1053 Badd.
290 1004 649 1068 Ministerium,
682 1004 814 1066 quod
846 1007 954 1052 tum
985 1004 1097 1066 fuit,
1127 1021 1297 1054 rerum
1329 1007 1668 1065 externarum,
1707 1020 1797 1066 per

105 1078 235 1139 quod
274 1093 403 1127 anno
447 1079 586 1127 1867
626 1080 997 1141 peropportune
1034 1079 1159 1127 mihi
1204 1079 1403 1142 cecidit,
1457 1081 1515 1127 ut
1567 1078 1631 1126 ad
1685 1094 1798 1127 con-

105 1151 337 1200 ferendos
377 1152 567 1200 codices
606 1153 674 1199 M
705 1152 756 1199 B
794 1153 843 1199 L
881 1153 1004 1200 mihi
1041 1168 1142 1201 non
1181 1155 1315 1202 esset
1350 1151 1794 1215 peregrinandum3

103 1224 253 1274 laudo
300 1225 699 1274 illustrissimum
737 1225 922 1288 Magno
961 1226 1088 1275 Duci
1123 1226 1280 1275 Badd.
1319 1226 1657 1275 Ministerium
1702 1227 1796 1275 rei-

104 1299 334 1361 publicae
371 1299 642 1362 regendae,
683 1315 780 1362 quo
818 1299 1157 1349 intercedente
1195 1315 1323 1349 anno
1367 1300 1509 1348 1880
1549 1300 1620 1349 W
1646 1301 1797 1348 codex

103 1372 400 1422 Vindobona
453 1371 864 1436 Offonisburgum
917 1373 1040 1421 1111111
1099 1374 1425 1423 transmissus
1488 1375 1585 1436 est;
1647 1373 1795 1422 laudo

105 1445 586 1509 Zangemeisterum,
625 1446 957 1496 bibliothecae
988 1447 1426 1510 Heidelbergensis
1473 1447 1796 1509 praefectum,

106 1520 259 1581 atque
298 1520 658 1581 Reussnerum,
698 1520 1135 1570 bibliothecarium
1171 1521 1671 1585 Argentoratensem,
1712 1522 1797 1583 qui

105 1593 251 1654 mihi,
305 1610 622 1656 quoscunque
678 1609 736 1642 ex
791 1594 862 1642 eis
915 1594 1230 1644 bibliothecis
1283 1595 1440 1643 libros
1493 1595 1795 1657 exoptaram,

104 1665 575 1716 benevolentissime
615 1667 1022 1730 suppeditavere3
1065 1669 1215 1718 laudo
1254 1668 1631 1717 Haeussnerum
1678 1669 1796 1716 ami-

106 1739 360 1789 cissimum
398 1741 900 1804 Heidelbergensem,
941 1742 1026 1804 qui
1064 1743 1342 1804 complures
1380 1741 1433 1788 in
1471 1741 1622 1789 variis
1660 1742 1795 1790 illius

102 1813 436 1864 bibliothecae
490 1815 631 1863 libris
685 1816 819 1863 10008
874 1831 984 1864 mea
1036 1816 1203 1879 gratia
1247 1815 1483 1878 inspexit3
1539 1815 1687 1863 laudo
1734 1815 1795 1866 A.

105 1886 389 1936 Nauckium
426 1889 878 1971 Petropolitanum,
931 1889 1096 1938 virum
1148 1890 1280 1938 inter
1324 1888 1605 1972 philologos
1655 1904 1795 1950 prae-

105 1961 457 2022 clarissimum,
515 1962 599 2024 qui
653 1978 764 2011 cum
813 1978 903 2024 per
948 1962 1206 2012 Kellerum
1261 1962 1495 2026 amicum,
1548 1962 1795 2025 insignem

105 2034 250 2082 illum
286 2035 487 2084 Horatii
527 2037 891 2099 sospitatorem,
930 2037 983 2084 in
1021 2038 1210 2086 edendo
1241 2035 1461 2085 Cornuto
1493 2051 1573 2083 me
1603 2036 1795 2084 versari

108 2109 443 2171 cognovisset,
491 2110 769 2172 complures
817 2125 932 2158 suas
980 2126 1161 2173 easque
1197 2111 1447 2173 palmares
1487 2108 1794 2158 coniecturas

104 2181 287 2230 litteris
317 2198 510 2232 mecum
543 2183 946 2247 communicavit3
985 2184 1134 2234 laudo
1160 2184 1370 2246 denique
1397 2182 1794 2232 Studemundum

104 2254 606 2323 Argentoratensem,
652 2257 815 2306 virum
860 2258 1168 2320 amplissima
1212 2258 1403 2322 ingenii
1442 2271 1499 2304 ac
1539 2256 1792 2306 doctrinae

105 2328 253 2378 laude
283 2330 565 2393 florentem,
605 2331 710 2393 qui,
742 2346 841 2393 qua
876 2334 954 2380 est
985 2332 1166 2382 eximia
1196 2348 1316 2395 ergo
1358 2346 1528 2380 omnes
1568 2331 1794 2378 humani-

105 2404 233 2465 tate,
274 2405 326 2452 et
364 2405 567 2454 consilio
607 2407 658 2453 et
695 2421 750 2453 re
787 2421 867 2454 me
905 2405 1113 2458 adiuvit.

256 2535 440 2598 Scripsi
482 2535 807 2599 Offonisburqi
844 2537 1008 2587 idibus
1047 2538 1189 2587 Iuliis
1232 2540 1388 2588 1881.

1370 2927 1433 2970 b*
