1998 3088
119 1052 160 1083 10

114 1927 158 1959 20

184 124 255 176 62
838 120 1210 166 ΚΟΡΝΟΤΤΟΤ

187 239 386 313 ὄρνεον
420 243 781 312 καθιεροῦσιν
825 238 972 315 αὐτῷ
1011 239 1104 295 καὶ
1142 239 1415 310 βασεαρεά
1453 239 1722 293 καλοῦσιν
1761 234 1869 292 ἀπὸ

186 334 284 386 τοῦ
323 329 508 400 βάζειν
548 330 639 384 καὶ
679 327 1017 399 εἰραφιοότην
1057 326 1164 383 ἀπὸ
1205 330 1305 382 τοῦ
1345 320 1737 399 ἔρινάφιέναι.
1794 329 1871 400 τῷ

185 423 344 493 κίττῳ
394 417 454 472 δὲ
502 419 754 488 στέφεται
802 415 895 471 διὰ
940 415 1043 487 τὴν
1089 414 1227 486 πρὸς
1272 413 1374 486 τὴν
1420 412 1665 485 ἄμπελον
1711 415 1872 486 ἐμφέ-

186 528 342 576 ρειαν
382 504 556 561 αὐτοῦ
595 505 687 559 καὶ
725 503 828 575 τὴν
860 503 998 575 πρὸς
1035 503 1168 568 τοὺς
1198 502 1399 573 βότρυς
1431 500 1729 573 ὁμοιότητα
1759 506 1872 557 τῶν

184 592 480 663 κορύμβων
516 597 557 660 [·
590 592 798 663 πέφυκε
832 591 893 646 δὲ
922 591 1015 646 καὶ
1048 590 1318 662 σφάλλειν
1348 588 1413 645 τὰ
1447 591 1680 661 δένδρα,
1713 588 1871 660 ἀνερ-

185 702 303 735 πων
358 679 430 735 δι’
487 678 671 736 αὐτῶν
726 680 817 735 καὶ
870 680 1332 753 περιπλεκόμενος
1385 678 1704 750 βιαιότερον
1757 689 1874 743 τοῖς

185 770 486 840 πρέμνοις].
563 768 627 823 τὰ
670 769 731 824 δὲ
771 767 1043 840 θυμελικά
1086 765 1404 838 ἀκροάματα
1442 766 1542 822 τὸν
1581 766 1872 822 Διόνυσον

184 857 483 928 θεραπεύει
524 856 616 912 διὰ
651 855 753 928 τὴν
783 856 923 928 πρὸς
959 856 1057 920 τὰς
1087 860 1289 920 θαλίας
1321 855 1628 926 οἰκειότητα
1667 853 1872 924 αὐτῶν,

187 943 310 1000 οἷον
352 943 498 1020 ᾠδῆς
542 947 632 1000 καὶ
678 944 935 1016 κιθάρας·
992 943 1083 998 ‘vde
1134 943 1239 1015 γάρ
1286 942 1332 998 τ’
1377 943 1711 1015 ἀναθήματα
1756 946 1873 998 δαι-

184 1033 315 1098 τός’.
379 1039 773 1104 μυθολογεῖται
807 1031 858 1086 δ’
895 1030 980 1087 ὅτι
1021 1032 1386 1097 διασπασθεὶς
1416 1030 1523 1086 ὑπὸ
1564 1034 1678 1086 τῶν
1717 1030 1874 1086 Τιτά-

859 1117 1199 1139 εεεεε
1809 1121 1832 1132 -

182 1208 551 1280 παραδόντων
591 1207 690 1264 τὸν
723 1212 912 1279 μῦθον
953 1205 1037 1263 ὅτι
1071 1210 1128 1262 οἱ
1156 1211 1415 1278 γεωργοί,
1449 1208 1739 1278 θρέμματα
1770 1210 1872 1278 γῆς

185 1294 352 1367 ὄντες,
378 1297 646 1366 συνέχεαν
668 1295 798 1361 τοὺς
822 1295 1025 1367 βότρυς
1047 1296 1138 1350 καὶ
1163 1298 1263 1352 τοῦ
1289 1297 1350 1351 έν
1375 1292 1564 1360 αὐτοῖς
1582 1294 1874 1351 Διονύσου

182 1382 246 1438 τὰ
281 1385 416 1454 μέρη
451 1383 722 1455 ἐχώρισαν
746 1381 839 1438 ἀπ’
869 1382 1149 1454 ἀλλήλων,
1183 1381 1217 1437 ἃ
1243 1383 1312 1454 δὴ
1337 1382 1504 1438 πάλιν
1532 1381 1565 1453 ἡ
1594 1387 1672 1448 εἰς
1701 1380 1869 1438 ταύτὸ

138 1490 158 1521 5
184 1470 450 1542 σύρρυσις
482 1474 582 1526 τοῦ
613 1471 881 1541 γλεύκους
913 1473 1190 1542 συνήγαγε
1214 1472 1312 1551 καὶ
1338 1474 1398 1526 ἓν
1425 1474 1581 1542 σῶμα
1607 1472 1661 1536 ἐξ
1686 1468 1872 1525 αὐτῶν

182 1556 482 1614 ἀπετέλεσε.
543 1559 634 1613 καὶ
676 1556 705 1614 ὁ
745 1557 891 1630 παρὰ
929 1562 1003 1634 τῷ
1045 1563 1243 1631 ποιητῇ
1284 1558 1345 1615 δὲ
1377 1562 1584 1630 μῦθος,
1624 1557 1699 1624 ὡς
1737 1558 1874 1628 φεύ-

182 1668 298 1716 γων
335 1646 466 1700 ποτε
503 1645 606 1716 τὴν
638 1646 975 1717 Λυκούργου
1014 1646 1315 1718 ἐπιβουλὴν
1358 1645 1386 1702 ὁ
1428 1646 1562 1712 θεὸς
1601 1650 1700 1702 ε”δυ
1733 1644 1871 1701 κατὰ

182 1734 482 1804 θαλάττης,
533 1732 641 1788 εἷθ’
685 1732 718 1804 ἡ
759 1735 915 1800 Θέτις
953 1733 1126 1790 αὐτὸν
1166 1737 1459 1804 διέσωσεν,
1500 1737 1719 1806 ἐμφανῆ
1767 1733 1870 1804 τὴν

183 1821 442 1878 διάνοιαν
491 1826 613 1892 ἔχει.
695 1826 924 1893 τιθῆναι
965 1823 1066 1894 μὲν
1117 1823 1221 1894 γάρ
1272 1828 1379 1878 εἰσι
1429 1827 1529 1879 τοῦ
1577 1821 1871 1878 Διονύσου

186 1913 246 1964 αἱ
282 1909 534 1981 ἄμπελοι·
574 1909 773 1975 ταύτας
805 1910 857 1965 δ’
887 1908 916 1965 ὁ
944 1914 1272 1982 Λυκοῦργος
1302 1911 1575 1982 τρυγητὴς
1605 1909 1686 1966 ὢν
1718 1910 1871 1966 ε’σκύ-

182 2005 341 2053 λευσε
387 1998 477 2052 καὶ
520 1995 927 2068 ἀπεκόσμησεν,
975 1996 1085 2053 εἷθ’
1130 1996 1158 2053 ὁ
1202 1996 1356 2063 οἶνος
1400 1998 1647 2071 θαλάττῃ
1695 2000 1872 2070 μιγεὶς

182 2084 443 2155 ἀσφαλῶς
481 2082 735 2154 ἀπετέθη.
807 2085 898 2138 καὶ
938 2086 1063 2157 περὶ
1102 2085 1203 2156 μὲν
1243 2085 1535 2141 Διονύσου
1572 2091 1828 2141 τοσαῦτα.

293 2192 333 2226 e.
375 2174 460 2225 31.
522 2168 840 2243 Ἡρακλῆς
887 2170 939 2225 δ’
985 2172 1134 2227 ἐστὶν
1174 2171 1203 2228 ὁ
1253 2174 1314 2228 ἐν
1353 2184 1468 2238 τοῖς
1516 2171 1667 2238 ὅλοις
1704 2174 1871 2244 λόγος

302 2337 339 2377 1.
375 2330 583 2404 βασαρέα
612 2331 649 2375 O
682 2358 735 2364 —
769 2337 809 2376 2.
843 2329 1123 2404 εἰραφιάτην
1156 2349 1185 2383 ιι
1228 2359 1287 2366 —
1300 2349 1362 2406 p.
1391 2339 1460 2388 61,
1489 2340 1543 2378 16
1574 2360 1628 2367 -
1660 2350 1705 2392 p.
1731 2340 1801 2391 62,
1827 2340 1867 2379 2.

182 2393 392 2461 κλεῖθρα.
442 2386 465 2433 ὁ
507 2388 559 2434 δε
598 2392 830 2448 θρίαμβος
860 2387 955 2435 ἀπὸ
986 2392 1071 2436 τοῦ
1110 2418 1157 2423 ——
1194 2389 1402 2447 ἀφιέναι.
1452 2371 1801 2448 καθαιρετικός
1819 2390 1868 2438 δ’

184 2474 236 2480 --
276 2445 511 2504 ἀγόμενον
541 2450 778 2520 θρίαμβον
813 2449 850 2492 O
884 2476 934 2482 —
970 2456 1009 2494 2
1044 2451 1179 2508 3.τῷ
1213 2450 1266 2495 δὲ
1299 2452 1435 2510 κιττῷ
1469 2466 1492 2496 c
1517 2478 1572 2484 —
1608 2457 1772 2498 10.11.
1804 2469 1865 2496 τι·

180 2504 335 2550 τάνων
370 2506 622 2577 [συνετέθη
654 2533 706 2539 -—
743 2513 810 2552 12.
843 2498 1171 2582 παραδόντων]
1204 2510 1268 2566 Ν1
1308 2535 1361 2543 —·
1405 2497 1471 2554 12.
1506 2507 1868 2565 παραδιδόντων

180 2565 248 2623 Ν2
283 2590 338 2598 -
373 2570 440 2609 13.
483 2563 679 2624 βότρυας
711 2563 747 2610 b'
783 2592 837 2599 —
869 2568 953 2611 τοῦ
988 2565 1039 2612 ἐν
1071 2565 1199 2625 αὐτῷ
1231 2569 1411 2639 LVIN¹
1427 2583 1450 2612 c
1485 2566 1594 2618 τούς
1627 2567 1784 2612 ἔναντι
1821 2568 1865 2612 G

181 2626 264 2668 τοῦ
299 2620 488 2675 ἐνόντος
512 2623 625 2668 Gale
656 2650 709 2656 —
746 2630 812 2668 14.
845 2621 874 2681 ἡ
907 2622 997 2683 ([ἡ]
1030 2627 1092 2696 P)
1134 2628 1199 2677 εἰς
1230 2624 1371 2671 ταύτὸ
1413 2642 1443 2671 (ι
1445 2625 1522 2685 ’72
1565 2624 1590 2682 ἡ
1637 2626 1703 2677 εἰς
1742 2623 1867 2671 αὐτό

183 2683 337 2727 lbc—
357 2688 422 2727 15.
451 2679 691 2752 σύρρευσις
711 2683 748 2727 O
768 2709 819 2715 —
849 2689 917 2729 17.
933 2688 1208 2754 λυκουργων
1226 2685 1333 2755 LV1
1349 2686 1491 2742 N—
1504 2659 1588 2743 2[ὁ]
1614 2683 1730 2736 θεὸς
1747 2686 1858 2743 LV,

183 2741 242 2785 bc
266 2766 320 2773 -
355 2740 437 2785 ἔδυ
457 2738 611 2811 ficati]
648 2740 713 2791 εἰς
743 2739 795 2786 τὸ
829 2739 948 2787 κατὰ
974 2743 1077 2801 LV
1092 2745 1117 2789 b
1151 2743 1217 2795 εἰς
1247 2741 1303 2787 τά
1337 2741 1456 2788 κατὰ
1485 2758 1508 2788 c
1532 2769 1586 2775 —-
1614 2749 1682 2788 19.
1715 2743 1804 2788 εἰσι
1826 2761 1869 2790 τ.

183 2799 261 2857 δ.],
271 2816 307 2843 τ.
333 2801 375 2844 δ.
403 2790 519 2843 εἰσίν
545 2797 581 2844 b'
601 2826 658 2832 —
684 2805 751 2844 20.
778 2798 951 2853 ταύτας
976 2777 1119 2847 Schlm.
1146 2800 1317 2858 ταύτης
1348 2803 1384 2846 O
1409 2828 1463 2836 -—
1489 2807 1559 2847 21.
1584 2801 1800 2860 θαλάσσῃ
1829 2803 1866 2846 Ο
