1998 3088
683 127 956 173 CODICUM
986 127 1314 175 RECENSUS.
1754 148 1817 187 X1

120 252 192 319 (p.
243 254 332 314 12,
392 247 483 319 10)
538 252 755 315 margini
806 252 1032 302 inferiori
1081 253 1201 302 haec
1254 254 1463 317 adlevit,
1520 269 1645 318 quae
1700 258 1815 304 ante

122 326 377 377 Osannum
414 329 472 374 ut
512 325 722 375 Cornuti
766 326 1079 375 ferebantur·
1121 322 1231 375 Ἔτι
1277 326 1519 377 εἰδοποιεῖ
1555 322 1640 386 τὰς
1685 323 1816 386 λιτὰς

120 394 148 451 ὁ
184 394 392 463 ποιητὴς
438 394 503 458 ὡς
550 394 791 463 δαίμονάς
840 418 989 459 τινας.
1073 395 1233 464 χωλὰς
1281 398 1370 464 μὲν
1419 395 1570 459 αὐτας
1614 397 1816 464 κέκληκε

120 467 393 558 ([κέκληκε]
433 468 540 538 112)
598 468 681 522 διὰ
726 468 779 523 τὸ
826 471 1049 538 βραδέως
1101 472 1185 522 καὶ
1238 469 1376 538 μόλις
1428 471 1682 540 προσιέναι
1734 473 1818 523 καὶ

118 539 392 597 λιτανευειν
435 542 640 606 τούτους
686 540 775 605 οὓς
821 541 886 596 ἂν
923 546 1306 611 προηδικηκυῖαι
1360 539 1470 597 ωσι·
1525 542 1708 613 ῥυσσὰς
1762 545 1817 598 δὲ

118 619 203 670 καὶ
242 615 573 686 διαστρόφους
617 615 703 679 τὰς
751 615 917 684 ὄψεις,
965 619 1069 669 ἐπεὶ
1115 619 1304 685 βαρέως
1349 619 1433 670 καὶ
1479 617 1538 671 οὗ
1585 617 1818 687 γεγηθότι

118 697 186 764 τῷ
251 687 500 762 προσώπῳ
577 694 842 783 προσορᾶν
899 689 1137 743 δύνανται
1207 690 1322 753 τοὺς
1389 692 1817 760 προηδικημένους

118 746 417 834 ([προ]ηδικ.
458 745 589 834 ΜΞ),
635 762 752 832 παρ’
806 766 877 816 ὠν
926 767 1175 817 αἰτοῦνται
1199 763 1525 860 συγγνώμην.
1602 765 1723 828 Διὸς
1762 768 1816 819 δὲ

117 839 395 907 θυγατέρας
424 844 707 907 γενεαλογεῖ
731 836 850 890 ὥστε
882 841 1144 906 σεβασμίας
1176 835 1313 891 εἶναι.
1379 838 1473 890 Ex
1498 842 1691 892 Scholio
1716 845 1816 894 Ho-

118 917 302 965 merico
342 916 391 979 (Ι
421 915 556 981 498)
596 916 763 964 omnia
801 916 924 964 haec
962 910 1139 977 petita'
1182 908 1423 982 (Osann);
1465 917 1526 965 cf.
1565 933 1677 979 gen.
1718 932 1757 967 e.

270 991 317 1038 3.
367 990 414 1038 V
434 1010 504 1028 =
529 989 800 1038 Vaticanus
838 991 941 1038 942
976 989 1109 1038 XIV.
1149 990 1230 1038 vel
1268 990 1436 1052 potius
1468 989 1574 1038 XV.
1616 993 1816 1040 saeculi.

129 1064 191 1128 Vl
239 1063 511 1125 plurimum
559 1063 771 1111 concinit
819 1078 930 1112 cum
970 1063 1039 1125 L,
1086 1064 1219 1111 unde
1266 1065 1356 1112 hos
1404 1064 1528 1112 duos
1569 1066 1817 1113 communi

119 1138 261 1199 signo
295 1130 358 1203 (Z)
391 1137 696 1199 notavimus,
739 1137 800 1200 V2
827 1139 1001 1185 contra
1033 1152 1146 1184 cum
1170 1131 1224 1185 a'
1255 1137 1390 1187 facit.
1451 1137 1591 1186 Inest
1615 1141 1816 1200 praeter

124 1211 224 1260 alia
260 1211 423 1258 multa
462 1211 618 1261 etiam
652 1210 1006 1272 Palaephatus.

266 1287 315 1333 4.
355 1284 404 1331 L
430 1304 499 1323 =
525 1284 843 1332 Florentinus
883 1283 1252 1332 Laurentianus
1305 1285 1432 1346 plut.
1474 1286 1541 1332 57
1584 1286 1688 1334 cod.
1731 1287 1815 1349 26,

119 1357 224 1407 XV.
268 1359 475 1417 saeculi,
517 1357 716 1406 Osanno
757 1357 908 1406 Laur.
944 1359 997 1409 ,5.

271 1433 318 1482 5.
375 1432 424 1480 Χ
473 1453 541 1469 =
591 1430 885 1480 Oxoniensis
946 1431 1637 1480 Bodleianus-Baroccianus
1696 1434 1816 1496 131,

123 1505 277 1555 Galeo
319 1508 369 1553 et
407 1503 607 1554 Osanno
647 1503 799 1554 Oxon.
841 1505 892 1568 β,
933 1504 1065 1553 XIV.
1106 1505 1312 1567 saeculi,
1351 1505 1552 1554 madore
1592 1507 1816 1568 aliquan-

120 1583 232 1628 tum
271 1582 548 1641 corruptus.
625 1577 825 1626 Desinit
861 1578 1027 1627 verbis
1068 1571 1479 1641 ἀντιποιούμενον
1515 1576 1569 1627 δέ
1598 1596 1704 1638 πως
1733 1582 1818 1643 τῆς

119 1653 294 1717 μίξεως
339 1647 491 1701 αὐτοῦ
545 1646 700 1701 καλὸν
753 1649 838 1699 καὶ
890 1655 1121 1716 γενναῖον
1173 1649 1392 1716 γέννημα
1441 1656 1541 1710 τοῖς
1595 1646 1712 1718 (sic)
1768 1651 1818 1712 ἐξ

121 1721 313 1790 ἀμφοῖν
367 1720 606 1791 ἁρμονίας
660 1723 868 1774 ἐπιτελεῖ
911 1722 982 1789 (p.
1038 1727 1130 1786 34,
1188 1722 1299 1789 20).
1389 1725 1616 1774 Proxime
1671 1727 1736 1774 ad
1789 1729 1816 1776 b

119 1801 325 1849 accedit.

271 1875 318 1922 6.
356 1874 504 1922 Ravii
536 1867 771 1939 (hominis
803 1872 962 1921 XVII.
995 1865 1145 1936 saec.)
1180 1872 1399 1921 codicem
1428 1873 1481 1921 in
1512 1873 1604 1921 hoc
1635 1888 1817 1936 genere

119 1962 460 2006 numeramus,
503 1947 619 2010 quia
651 1945 777 1995 Gale
814 1939 900 2011 (ad
932 1946 1038 1994 init.
1074 1941 1306 2010 Cornuti)
1348 1961 1461 1994 eum
1498 1946 1817 2009 inscriptione

119 2037 234 2070 cum
267 2020 355 2070 Ox.
388 2021 421 2085 β
451 2020 739 2070 Florentino
764 2019 1009 2068 Vaticano
1044 2013 1119 2082 (5.
1153 2021 1201 2067 4.
1237 2013 1293 2086 3)
1335 2035 1608 2082 congruere
1646 2021 1816 2070 tradit.

119 2094 267 2143 Hunc
291 2093 499 2143 Cornuti
530 2094 749 2143 codicem
772 2093 1015 2156 Upsalam
1048 2094 1274 2141 delatum
1305 2109 1414 2142 esse
1447 2110 1507 2142 ex
1538 2094 1610 2142 eis
1658 2095 1820 2156 suspi-

123 2171 262 2223 catus
304 2183 461 2230 eram,
509 2183 635 2230 quae
674 2168 735 2215 A.
774 2167 1128 2216 Westermann
1142 2161 1183 2232 1)
1231 2168 1374 2216 docet
1424 2167 1485 2215 de
1524 2167 1820 2230 Palaephati

118 2242 286 2291 codice
324 2242 570 2304 Ravian03
623 2242 709 2290 sed
749 2256 862 2303 spes
901 2257 980 2289 me
1018 2241 1222 2288 fefellit:
1261 2256 1422 2302 neque
1460 2241 1514 2288 in
1551 2240 1818 2303 Upsalensi

120 2330 282 2377 neque
318 2315 373 2363 in
411 2314 828 2364 Stockholmiensi
866 2314 1172 2364 bibliotheca
1197 2315 1340 2362 iUum
1365 2314 1620 2363 adservari
1642 2315 1817 2364 biblio-

121 2389 373 2437 thecarius
413 2388 707 2451 Upsalensis
746 2389 931 2437 litteris
972 2389 1035 2437 ad
1073 2404 1153 2436 me
1194 2388 1324 2437 datis
1362 2390 1595 2437 testatur.

269 2462 336 2511 II.
377 2461 581 2512 Codices
635 2462 831 2526 generis
887 2464 928 2510 b.
1009 2461 1190 2510 Varias
1239 2477 1404 2523 opusc.
1455 2463 1818 2524 inscriptioneS,

120 2550 245 2599 quas
277 2536 331 2584 hi
362 2535 499 2584 codd.
524 2536 789 2598 praebent,
828 2536 942 2584 vide
966 2552 1014 2598 p.
1042 2539 1087 2584 1.
1150 2535 1371 2597 Excepto
1405 2535 1509 2583 cod.
1547 2539 1611 2583 11
1649 2531 1835 2584 omnes*

121 2608 270 2658 huius
296 2609 493 2672 generis
518 2609 621 2659 cod.
645 2626 692 2672 p.
721 2612 766 2671 1,
797 2612 823 2657 1
866 2611 981 2671 post
1021 2599 1059 2658 ὦ
1099 2607 1300 2658 παιδίον
1338 2610 1567 2657 inserunt
1603 2604 1818 2674 γεώργιε.

274 2686 320 2732 7.
359 2683 417 2731 N
435 2704 504 2722 =
529 2683 804 2732 Vaticanus
841 2683 999 2745 1385,
1035 2682 1169 2732 XIV.
1204 2683 1389 2731 saeculi
1419 2683 1660 2745 ineuntis,
1700 2683 1819 2745 quin

244 2839 287 2891 1)
318 2837 348 2881 1.
381 2837 411 2882 1.
443 2852 488 2894 p.
519 2836 641 2881 xm.
