1998 3088
159 150 228 203 32
810 141 1181 186 KOPNOTTOT

158 264 500 335 ὑπονοητέον
541 261 847 335 Προμηθέα
895 263 1153 332 εἰρῆσθαι
1199 255 1300 328 τὴν
1348 253 1698 327 προμήθειαν
1741 273 1839 322 της

162 357 222 409 ἐν
268 364 383 418 τοῖς
430 350 578 415 ὅλοις
622 351 824 420 ψυχῆς,
874 345 945 418 ἢν
992 345 1254 402 ἐκάλεσαν
1302 346 1360 399 οἰ
1401 342 1660 414 νεώτεροι
1707 339 1840 410 πρό-

164 456 347 495 νοιαν·
383 437 519 493 κατὰ
551 436 654 508 γὰρ
686 436 891 506 ταύτην
922 434 988 489 τά
1019 453 1075 490 τε
1107 432 1246 488 ἄλλα
1279 433 1492 502 ἐγένετο
1523 430 1614 484 καὶ
1655 430 1713 484 ἐκ
1743 431 1839 498 τῆς

164 531 262 598 γῆς
294 532 506 597 ἔφυσαν
539 528 595 580 οἰ
622 523 941 595 ἅνθρωποι,
982 523 1299 591 ἐπιτηδείως
1327 518 1466 590 πρὸς
1489 521 1651 574 τοῦτο
1685 515 1840 588 ἐχού-

120 636 141 667 5
167 634 264 687 σης
300 612 571 685 καταρχὰς
607 616 703 683 τῆς
739 614 841 667 τοῦ
878 610 1091 681 κόσμου
1123 607 1448 672 συστάσεως.
1513 607 1746 676 [λέγεται
1779 603 1841 659 δὲ

164 704 254 758 καὶ
295 706 550 758 συνεῖναί
583 719 712 755 ποτε
758 701 832 774 τῷ
875 701 978 752 Διῒ
1014 695 1043 753 ὁ
1084 695 1442 767 Προμηθεύς·
1493 696 1698 764 πολλῆς
1734 691 1840 763 γὰρ

166 794 508 862 προμηθείας
543 792 689 843 πᾶσα
728 786 829 858 μὲν
877 783 1013 857 ἀρχὴ
1061 785 1150 839 καὶ
1198 788 1503 854 προστασία
1548 780 1842 851 πλειόνων,

169 878 399 950 μάλιστα
441 876 500 932 δὲ
539 874 572 947 ἡ
612 879 711 930 τοῦ
752 873 891 939 Διὸς
931 876 1140 940 δεῖται.]
1196 873 1287 926 καὶ
1326 872 1520 938 κλέψαι
1570 872 1636 925 δέ
1670 886 1843 942 φασιν

170 964 341 1021 αὐτὸν
380 964 442 1020 τὸ
481 967 590 1033 πῦρ
629 974 744 1028 τοῖς
780 960 1128 1031 ἀνθρώποις,
1176 958 1250 1024 ὦς
1296 963 1390 1030 τῆς
1434 956 1697 1031 ἡμετέρας
1733 957 1841 1028 ’ἤδη

106 1073 146 1104 ιο
171 1054 443 1117 συνέσεως
485 1052 574 1106 καὶ
621 1054 887 1121 προνοίας
934 1047 1301 1119 ἐπινοησάσης
1346 1047 1447 1118 τὴν
1498 1050 1695 1119 χρῆσιν
1745 1049 1846 1101 τοῦ

169 1141 356 1211 πυρός.
431 1140 828 1209 κατενηνέχθαι
869 1137 930 1192 δὲ
979 1135 1111 1192 αὐτὸ
1153 1135 1470 1207 ἐμύθευσαν
1517 1137 1575 1190 ἐκ
1612 1137 1712 1190 τοῦ
1754 1133 1845 1190 οὐ-

171 1231 346 1298 ρανοῦ
386 1226 477 1282 διὰ
515 1225 575 1282 τὸ
617 1225 936 1292 πλεονάζειν
977 1227 1089 1280 ἐκεῖ
1122 1221 1156 1295 ἢ
1192 1224 1303 1280 ἐπεὶ
1337 1227 1395 1278 oc
1421 1223 1683 1295 κεραυνοὶ
1717 1224 1848 1278 ἐκεῖ·

171 1325 275 1372 θεν
320 1314 756 1385 κατασκήπτουσι
809 1312 900 1368 διὰ
951 1316 1160 1383 πληγῆς
1209 1310 1460 1367 τάνθάδε
1511 1311 1848 1377 ἐξάπτοντες,

171 1403 305 1474 τάχα
343 1425 394 1458 τι
432 1405 685 1457 τοιοῦτον
725 1401 814 1455 καὶ
866 1399 957 1455 διὰ
998 1403 1099 1455 τοῦ
1135 1399 1419 1470 νάρθηκος
1461 1398 1849 1470 αἰνιττόμενοι.

107 1507 149 1539 15
174 1490 356 1555 δεθεὶς
392 1489 451 1544 δὲ
492 1490 576 1543 ἐπὶ
619 1490 793 1562 τούτῳ
835 1486 864 1542 ὅ
899 1486 1237 1559 Προμηθεὺς
1267 1487 1542 1558 ἐκολάσθη
1579 1489 1680 1542 τοῦ
1711 1485 1848 1558 ἥπα-

172 1600 264 1642 τος
302 1575 447 1652 αὐτῷ
486 1574 578 1631 ὑπ’
624 1575 786 1631 ἀετοῦ
826 1575 1437 1646 καταβιβρωσκομένου·
1488 1572 1522 1645 ἡ
1570 1574 1675 1646 γὰρ
1723 1573 1852 1647 ἡμε-

173 1667 299 1736 τέρα
333 1666 623 1735 ἐντρέχεια,
655 1665 716 1720 τὸ
751 1665 1156 1734 προειρημένον
1188 1664 1563 1734 πλεονέκτημα
1595 1662 1702 1719 σὺν
1734 1674 1851 1728 τοῖς

174 1752 359 1817 ἄλλοις
392 1757 609 1823 ἔχουσα,
641 1755 897 1823 πειρᾶταί
919 1772 1070 1816 τινος
1092 1749 1219 1822 παρ’
1258 1748 1458 1821 ἑαυτὴν
1485 1752 1853 1823 δυσχρηστίας

174 1839 578 1910 προσδεδεμένη
615 1849 732 1903 ταῖς
763 1838 897 1894 κατὰ
928 1838 1028 1894 τὸν
1060 1843 1188 1909 βίον
1221 1842 1517 1910 φροντίσιν
1550 1835 1853 1910 ὀδυνηραῖς

110 1943 153 1975 20
178 1926 367 1992 οὔσαις
381 1927 472 1982 καὶ
489 1925 669 1999 ὥσπερ
688 1931 764 1992 εἰς
780 1926 845 1982 τὰ
862 1926 1144 1997 σπλάγχνα
1161 1924 1269 1982 ὑπὸ
1285 1929 1382 1997 τῆς
1398 1931 1851 1999 λεπτομεριμνίας

178 2015 663 2085 ἑκβιβρωσκομένη.
739 2012 987 2084 ἀδελφὸν
1034 2011 1086 2068 δ’
1132 2018 1345 2084 ἔφασαν
1394 2011 1536 2068 εἶναι
1575 2013 1851 2085 νεώτερον

178 2104 277 2155 τοῦ
310 2102 656 2171 Προμηθέως
685 2101 782 2156 τὸν
809 2099 1140 2171 Ἐπιμηθέα,
1173 2097 1543 2171 εὐηθέστερόν
1573 2120 1687 2166 πως
1719 2101 1852 2157 ὄντα

179 2187 279 2242 τὸν
315 2186 521 2257 τρόπον
560 2186 650 2242 διὰ
690 2187 751 2242 τὸ
792 2199 1077 2258 προτερεῖν
1117 2190 1180 2259 τῇ
1220 2186 1367 2253 τάξει
1404 2185 1507 2257 τὴν
1543 2188 1852 2260 προόρασιν

302 2352 339 2390 1.
364 2351 403 2390 2.
437 2343 520 2403 τὴν
553 2343 604 2390 ἐν
635 2347 687 2404 τῇ
721 2348 812 2390 τῶν
843 2342 963 2391 ὅλων
995 2348 1120 2405 ψυχῇ
1155 2349 1320 2401 κυρίαν
1345 2362 1368 2392 c
1392 2374 1449 2381 —
1480 2354 1520 2392 5.
1554 2346 1673 2393 κατὰ
1707 2345 1855 2421 ἀρχὰς

183 2405 223 2448 G
260 2431 310 2436 —
346 2403 442 2462 [δὲ]
468 2406 526 2449 bc
559 2430 611 2436 —
645 2411 684 2450 8.
718 2405 888 2461 κλέψαι
919 2404 992 2464 δὲ]
1026 2409 1092 2449 κλ.
1126 2404 1211 2463 μὲν
1237 2403 1274 2450 b'
1302 2433 1355 2439 —
1389 2411 1428 2452 8.
1455 2412 1494 2451 9.
1522 2425 1565 2453 α.
1601 2409 1716 2463 φασὶ
1748 2410 1773 2453 b
1800 2435 1854 2442 —

187 2468 252 2506 11.
288 2459 609 2516 ἐμυθεύσαντο
642 2463 717 2508 Ge
742 2489 795 2495 —
834 2468 898 2509 14.
932 2462 1009 2507 διὰ
1045 2464 1168 2522 [τοῦ]
1201 2463 1339 2521 νάρθ.
1376 2465 1448 2510 Os.
1481 2468 1545 2510 ed.
1584 2492 1634 2497 --
1671 2471 1738 2511 16.
1772 2465 1856 2512 αὖ·

183 2522 265 2564 τοῦ
295 2521 410 2565 Xbc
443 2546 494 2553 —-
533 2527 599 2566 18.
631 2523 960 2578 δυσχρηστείας
983 2536 1006 2567 c
1038 2549 1091 2554 —
1124 2527 1192 2566 20.
1227 2520 1426 2579 ὡσπερεὶ
1456 2521 1535 2580 (ὡς
1559 2524 1664 2580 περὶ
1692 2525 1764 2579 Χ)
1798 2523 1855 2570 τὰ

184 2575 421 2680 σπλάῖχνα
451 2595 480 2623 a
514 2605 565 2611 —
598 2576 690 2623 ὑπὸ
721 2581 803 2636 τῆς
833 2595 862 2624 a
902 2578 953 2624 ἐκ
996 2581 1077 2638 [τ.]
1111 2582 1170 2625 bc
1210 2606 1263 2613 —
1295 2584 1710 2640 κλεπτομεριμνίας
1742 2584 1766 2627 b
1800 2611 1854 2617 -—

185 2642 253 2680 21.
323 2638 696 2694 κβιβρωσκομένη
730 2639 826 2693 (sed
857 2655 885 2694 η
917 2639 946 2683 i.
980 2639 1008 2682 l.
1044 2652 1104 2684 er.
1137 2639 1200 2695 B)
1239 2640 1316 2684 Bc
1355 2637 1783 2698 ἔκβιβρωσκομένης
1814 2644 1857 2688 G

186 2690 610 2753 ἐκβιβρωσκόμενος
642 2697 739 2749 (sed
771 2713 820 2747 ος
854 2697 880 2742 ἰ.
907 2697 934 2740 l.
968 2699 1048 2754 er.)
1076 2698 1130 2742 N
1157 2695 1564 2767 ἐμβιβρωσκομένη
1597 2699 1696 2756 (sed
1727 2718 1776 2757 -η
1809 2703 1859 2746 in

195 2751 236 2794 V
256 2758 344 2807 112)
377 2768 405 2796 a
432 2778 484 2785 —
518 2750 645 2797 νεώτ.
674 2753 794 2798 εἷναι
828 2755 923 2797 VP
951 2753 1076 2859 [εἷνέ
1103 2771 1328 2814 νεωτερον
1356 2758 1407 2800 Χ
1430 2782 1483 2790 -
1510 2763 1579 2803 23.
1612 2765 1854 2817 προτερεῖν

189 2810 226 2853 Ο
258 2811 526 2868 προτρέχειν
555 2812 626 2858 Os.
651 2814 715 2857 ed.
750 2811 1005 2869 πρωτεύειν
1075 2815 1143 2859 ale

1962 989 1975 1007 ,η

1968 1050 1993 1067 ,τι

1963 1065 1993 1093 <ll

1992 1097 1993 1106 η
