1998 3088
812 125 1144 166 ΕΠΙΔΡΟΜΗ.
1745 124 1816 177 25

134 240 418 312 σύμβολον
456 244 558 297 τοῦ
598 241 656 295 ἐκ
694 243 907 311 μικρῶν
947 242 1131 310 μερῶν
1170 239 1502 296 συνεστάναι
1548 239 1646 295 τὸν
1686 262 1817 311 προ-

132 328 369 402 φορικὸν
407 328 592 399 λόγον.
661 329 875 399 λέγεται
916 327 977 383 δὲ
1012 328 1115 403 καὶ.
1142 326 1405 401 ἀγοραῖος
1449 331 1705 399 [πρῶτος]
1748 333 1818 383 εί-

131 417 325 483 κότως·
365 419 658 482 ἐπίσκοπος
694 414 797 487 γὰρ
829 418 943 471 τῶν
974 413 1363 487 ἄγορευόντων
1402 417 1573 472 ἐστίν·
1612 415 1721 487 ἤδη
1757 415 1819 472 δὲ

132 504 238 561 ἀπὸ
277 507 373 576 τῆς
410 503 619 576 ἀγοράς
658 507 918 559 διατείνει
957 504 1049 558 καὶ
1089 507 1166 568 εἰς
1196 502 1326 569 τοὺς
1364 501 1735 574 άγοράζοντάς
1766 528 1819 559 τι

132 591 165 665 ἢ
205 593 640 664 πιπράσκοντας,
688 590 762 656 ὡς
805 591 984 646 πάντα
1031 590 1164 663 μετὰ
1211 591 1386 662 λόγου
1432 602 1612 649 ποιεῖν
1663 594 1818 648 δεόν-
1843 609 1864 642 5

131 701 243 748 τος·
289 683 553 737 ἐντεῦθεν
591 681 684 736 καὶ
722 684 834 735 τῶν
874 682 1152 751 ἐμποριῶν
1194 680 1481 751 ἐπιστάτης
1520 682 1708 747 ἔδοξεν
1749 679 1820 736 εἷ-

133 792 225 825 ναι
256 770 347 824 καὶ
380 771 676 840 ἐμπολαῖος
705 768 797 823 καὶ
827 771 1069 844 κερδῷος
1102 758 1502 840 ἐπωνομάσθη,
1538 767 1689 824 ὦσαν
1722 768 1819 839 μό-

89 911 93 921 .
134 880 231 923 νος
268 860 380 914 τῶν
421 855 715 928 ἀληθινῶν
750 859 965 930 κερδῶν
1005 863 1180 922 αἴτιος
1219 853 1299 912 ὢν
1329 867 1444 922 τοῖς
1484 855 1820 929 ἀνθρώποις.

132 949 227 1018 τῆς
274 945 335 1001 δὲ
382 945 553 1018 λύρας
598 943 823 1018 εὑρετής
869 947 1019 1001 ἐστιν
1060 939 1183 1001 οἷον
1222 948 1318 1016 τῆς
1362 949 1687 1017 συμφωνίας
1731 945 1822 999 καὶ

134 1033 430 1107 ὁμολογίας
460 1031 592 1089 καθ’
626 1030 697 1105 ἣν
732 1036 788 1089 oc
827 1037 1020 1100 ζῶντες
1051 1031 1507 1104 εὐδαιμονοῦσιν,
1548 1017 1821 1104 ἡρμοσμέ-
1848 1049 1891 1080 1⁰

134 1146 240 1194 νην
282 1127 425 1195 ἔχειν
465 1120 566 1194 τὴν
608 1121 870 1177 διάθεσιν
911 1120 1320 1192 ἐπιβάλλοντος.
1374 1123 1720 1194 παραστῆσαι
1762 1119 1823 1175 δὲ

135 1209 306 1268 αὐτοῦ
337 1210 439 1282 τὴν
473 1211 716 1281 δύναμιν
748 1210 840 1264 καὶ
874 1207 965 1264 διὰ
991 1213 1102 1265 τῶν
1132 1207 1602 1281 άπεμφαινόντων
1626 1210 1823 1265 θέλον-

133 1321 219 1365 τες
257 1299 493 1369 κλέπτην
533 1296 706 1354 αὐτὸν
737 1299 1066 1370 παρέδωκαν
1099 1298 1190 1353 καὶ
1223 1303 1439 1353 Δολίου
1470 1296 1677 1370 Ἑρμοῦ
1717 1302 1823 1368 βω-

135 1386 241 1459 μὸν
282 1392 422 1443 ἔνιοι
463 1386 789 1459 ἱδρύσαντο·
838 1386 1112 1442 λανθάνει
1163 1385 1267 1458 γὰρ
1308 1384 1721 1458 ὑφαιρούμενος
1759 1385 1826 1442 τὰ

134 1464 552 1546 προδεδογμένα
597 1486 714 1540 τοῖς
754 1472 1076 1546 ἀνθρώποις
1122 1475 1212 1529 καὶ
1263 1476 1511 1530 κλέπτων
1559 1471 1682 1529 ἔσθ’
1735 1472 1823 1530 ὅτε
1850 1490 1891 1523 15

135 1567 200 1637 τῇ
239 1562 574 1634 πιθανότητι
613 1561 715 1633 τὴν
753 1559 1054 1633 ἀλήθειαν,
1102 1552 1244 1618 ὅθεν
1283 1561 1439 1627 τινὰς
1481 1562 1573 1616 καὶ
1613 1562 1826 1618 ἐπικλά-

134 1673 260 1718 ποις
299 1651 487 1722 λόγοις
523 1654 768 1723 χρῆσθαι
807 1652 1053 1721 λέγουσι·
1099 1650 1191 1705 καὶ
1239 1648 1344 1721 γὰρ
1392 1649 1453 1705 τὸ
1497 1655 1824 1720 σοφίζεσθαι

132 1745 248 1797 τῶν
289 1739 522 1796 εἰδότων
561 1738 708 1813 λόγῳ
744 1741 987 1810 χρῆσθαι
1028 1737 1179 1793 ἴδιόν
1218 1740 1344 1794 ἐστι.
1414 1737 1609 1808 νόμιος
1649 1736 1710 1793 δὲ
1741 1739 1824 1792 λε’-

136 1850 286 1900 γεται
333 1831 407 1903 τῷ
448 1825 530 1883 ἐπ’
575 1826 960 1896 ἐπανορθώσει
1007 1825 1171 1891 λόγος
1217 1823 1386 1896 εἶναι,
1433 1823 1828 1896 προστακτικὸς

141 1914 220 1972 ὢν
258 1919 369 1972 τῶν
418 1913 491 1980 ὡς
534 1917 594 1970 ἐν
633 1918 902 1987 κοινωνίᾳ
948 1915 1221 1984 ποιητέων
1258 1914 1350 1968 καὶ
1397 1911 1827 1984 ἀπαγορευτικὸς
1850 1930 1893 1962 20

137 2009 248 2061 τῶν
289 2002 357 2060 οὐ
396 2004 692 2074 ποιητέων·
742 2001 835 2056 διὰ
874 2005 1014 2073 γοῦν
1054 2001 1156 2073 τὴν
1205 2000 1531 2073 ὁμωνυμίαν
1579 2001 1825 2073 μετήχθη

136 2094 228 2149 καὶ
275 2093 362 2149 ἐπὶ
400 2091 502 2163 τὴν
548 2094 660 2146 τῶν
701 2093 892 2161 νομῶν
932 2092 1258 2161 ἐπιμέλειαν.
1330 2091 1587 2160 σέβονται
1636 2089 1687 2144 δ’
1732 2089 1827 2145 αὐ-

259 2219 296 2269 1.
341 2224 621 2269 συνεστᾶναι
662 2225 764 2294 (sic)
804 2224 864 2268 bc
903 2220 1176 2267 συνιστάναι
1219 2223 1270 2266 Χ
1307 2223 1618 2267 συνίστασθαι
1657 2219 1823 2267 α’-ῑ

140 2289 179 2328 2.
212 2279 435 2352 αγοραῖος
467 2283 583 2356 [πρ]
621 2282 692 2327 Os.
726 2278 801 2338 οἶγ.
834 2282 1014 2337 πρῶτος
1049 2282 1086 2326 O
1113 2277 1248 2352 άγορ.
1282 2278 1510 2338 πρόεδρος
1552 2281 1828 2325 Valckenaer

140 2368 194 2376 -—
223 2349 261 2388 5.
289 2339 404 2415 μετὰ
428 2346 569 2398 λογου
593 2339 748 2385 πάντα
767 2342 896 2386 bc—
923 2345 964 2385 5.
984 2347 1023 2386 6.
1043 2337 1246 2391 δεόντως
1265 2342 1323 2385 bc
1341 2366 1393 2372 —
1421 2346 1458 2385 7.
1475 2336 1824 2411 ἐπωνομάσθη]

143 2400 307 2455 ἔδοξεν
332 2398 455 2446 εἶναι
476 2401 521 2444 Ρ
545 2426 595 2432 -
624 2397 753 2444 ὦσᾶν
780 2396 858 2470 (ὥς
884 2394 987 2458 [ἂν]
1013 2399 1118 2455 Ρ)α
1144 2395 1292 2457 [ὦσὰν
1314 2425 1367 2432 —-
1395 2405 1435 2444 8.
1459 2395 1750 2469 ανθρώποις]
1771 2399 1828 2442 bc

142 2486 196 2493 —
224 2465 381 2506 13.14.
410 2455 566 2528 βωμὸν
593 2455 736 2530 ἕρμοῦ
763 2455 805 2503 a'
831 2485 886 2490 —
922 2464 988 2502 14.
1023 2457 1141 2503 ἔνιοι
1167 2455 1471 2512 ἐνιδρύσαντο
1496 2454 1564 2501 a'l
1596 2482 1651 2489 —
1683 2453 1825 2512 ὑφαι-

141 2516 388 2589 ρούμενος]
420 2517 555 2574 λόγος
586 2514 670 2573 ὑφ.
697 2517 810 2562 Gale
833 2543 890 2549 —
917 2522 1080 2563 14.15.
1114 2514 1171 2562 τὰ
1203 2517 1559 2587 προδεδογμένα
1583 2517 1825 2585 (προδογμ.
1870 2520 1874 2523 Χ

144 2578 216 2632 Χ)
234 2593 264 2622 a
294 2575 351 2621 τὰ
384 2573 705 2634 προδιδόμενα
730 2576 772 2620 G
797 2581 892 2627 τοῖς
917 2574 1235 2634 προδιδόμενα
1259 2576 1315 2619 Ν
1333 2573 1414 2619 τὸν
1438 2570 1780 2630 προδιδόμενον
1805 2587 1828 2618 c

141 2661 198 2669 —
239 2642 306 2681 15.
334 2635 556 2680 κλέπτων
588 2649 649 2680 ac
687 2634 897 2679 κλέπτων
929 2649 1043 2679 corr.
1083 2635 1131 2679 in
1172 2634 1359 2680 κλέπτει
1389 2635 1444 2678 Ν
1477 2631 1664 2679 κλέπτει
1696 2632 1738 2677 G
1770 2657 1825 2664 —

145 2700 210 2740 19.
243 2695 327 2755 τῷ]
358 2692 411 2739 τό
445 2695 523 2738 lX
551 2694 636 2738 τοῦ
669 2694 710 2739 G
742 2720 797 2726 —
832 2689 909 2738 ἐπ’
936 2690 1204 2748 α’νορθώσει
1229 2694 1289 2738 bc
1321 2719 1375 2726 --
1407 2691 1553 2763 λόγος
1571 2691 1718 2736 Schm.
1751 2688 1826 2734 νό-

142 2770 225 2809 μος
249 2740 366 2798 aNc
397 2749 554 2810 νόμων
588 2752 629 2796 G
663 2778 716 2785 —
751 2757 821 2797 20.
862 2747 923 2802 ὡς
964 2748 1014 2796 ἐν
1054 2768 1171 2798 κοιν.
1208 2753 1350 2796 lec
1389 2747 1490 2809 [ὡς]
1533 2746 1585 2795 ἐν
1617 2767 1658 2794 κ.
1693 2747 1733 2794 α’
1770 2773 1825 2781 -

142 2816 213 2856 21.
248 2812 402 2870 [γοῦν]
438 2827 466 2856 α
499 2837 554 2843 -
589 2816 657 2855 22.
693 2812 850 2868 νομῶν
883 2811 1026 2855 Schm.
1060 2808 1217 2868 νόμων
1250 2826 1279 2854 a
1310 2806 1460 2866 λόγων
1492 2811 1551 2854 bc
