1998 3088
182 127 253 179 26
839 127 1212 170 KOPNOTTOT

179 244 279 300 τὸν
318 246 409 300 καὶ
450 245 510 300 ἐν
556 255 675 309 ταῖς
713 249 1073 315 παλαίστραις
1111 244 1242 315 μετὰ
1281 249 1383 301 τοῦ
1413 245 1749 318 “Ηρακλεόυς
1794 243 1870 310 ὡς

179 337 244 406 τῇ
279 333 431 404 ἰσχύϊ
459 331 591 404 μετὰ
625 336 909 403 λογισμοῦ,
927 337 1169 404 χρῆσθαι
1200 334 1444 398 δέοντος
1485 336 1559 406 τῷ
1591 332 1696 405 γὰρ
1722 333 1867 406 μόνῃ

180 421 474 477 πεποιθότι
514 425 578 493 τῇ
618 425 719 475 τοῦ
760 420 1010 491 σώματος
1043 420 1305 492 δυνάμει,
1345 425 1444 476 τοῦ
1485 421 1545 476 δὲ
1577 421 1766 492 λόγου,
1807 418 1869 486 ὃς

179 511 269 565 καὶ
309 511 501 580 τέχνας
533 509 805 580 ἐπήγαγεν
846 513 924 573 εἰς
961 508 1059 564 τὸν
1090 514 1245 580 βίον,
1286 508 1583 581 ἀμελοῦντι
1614 509 1763 564 πάνυ
1795 508 1865 565 ἄν

134 614 154 646 5
178 621 260 663 τις
301 603 515 663 οἰκείως
553 600 786 653 ἐπείποι·

484 700 763 772 δαιμόνιε,
805 705 1001 770 φθίσει
1041 716 1101 755 σε
1139 699 1201 756 τὸ
1243 699 1363 756 σὸν
1385 702 1563 771 μένος.

291 825 333 860 ο.
378 809 459 860 17.
528 807 639 859 Τοῦ
681 803 742 858 δὲ
780 802 1024 868 πολλὰς
1069 803 1158 858 καὶ
1207 807 1511 869 ποικίλας
1553 805 1675 875 περὶ
1715 807 1868 860 θεῶν

179 895 468 964 γεγονέναι
514 891 662 963 παρὰ
702 903 817 956 τοῖς
866 898 1121 956 παλαιοῖς
1159 890 1387 962 ’Ἕλλησι
1437 897 1868 964 μυθοποιίας,

181 979 255 1047 ὡς
293 980 454 1036 ἄλλαι
494 980 597 1051 μὲν
627 980 774 1050 παρὰ
807 980 1030 1050 Μάγοις
1060 980 1386 1050 γεγόνασιν,
1424 979 1586 1034 ἄλλαι
1628 980 1689 1035 δὲ
1719 979 1867 1048 παρὰ

113 1082 155 1115 10
184 1069 360 1140 Φρυξὶ
409 1070 500 1123 καὶ
549 1067 656 1139 ἤδη
708 1067 837 1139 παρ’
885 1071 1208 1137 Αἰγυπτίοις
1257 1089 1315 1122 τε
1363 1068 1455 1122 καὶ
1501 1074 1732 1133 Κελτοῖς
1778 1069 1869 1123 καὶ

179 1162 386 1228 Λίβυσι
431 1158 522 1212 καὶ
568 1168 684 1221 τοῖς
729 1154 919 1220 ἄλλοις
965 1161 1181 1224 ἔθνεσι,
1232 1155 1539 1227 μαρτύριον
1586 1153 1659 1211 ἂν
1706 1155 1868 1226 λάβοι

176 1268 258 1310 τις
295 1246 388 1300 καὶ
427 1243 487 1299 τὸ
529 1242 658 1314 παρ’
693 1242 908 1318 Ὁμήρῳ
949 1243 1253 1315 λεγόμενον
1285 1241 1392 1298 ὑπὸ
1426 1247 1528 1298 τοῦ
1559 1244 1702 1309 Διὸς
1732 1243 1870 1316 πρὸς

177 1332 280 1404 τὴν
305 1331 487 1403 ’Ἠραν
525 1336 727 1387 τοῦτον
766 1330 865 1386 τὸν
905 1331 1140 1400 τρόπον·

250 1433 283 1506 ἢ
325 1434 394 1491 οὐ
432 1436 610 1508 μέμνῃ
653 1434 742 1490 ὅτε
780 1433 827 1490 τ’
867 1435 1072 1504 ἐκρέμω
1112 1432 1360 1503 ὑψόθεν,
1401 1435 1458 1488 ἐκ
1497 1434 1559 1489 δὲ
1590 1438 1813 1490 ποδοῖιν

114 1538 155 1569 15
254 1524 499 1595 ἄκμονας
537 1517 642 1594 ἧκα
683 1523 817 1580 δύω.

180 1632 324 1683 ἔοικε
361 1626 466 1698 γὰρ
516 1624 543 1682 ὁ
592 1625 824 1696 ποιητὴς
862 1630 1053 1697 μυθοῦ
1095 1629 1193 1694 [τε]
1243 1628 1483 1680 παλαιοῦ
1524 1627 1867 1698 παραφέρειν

178 1720 342 1772 τοῦτο
391 1712 749 1786 ἀπόσπασμα,
795 1713 929 1769 καθ’
973 1711 1039 1770 ὃν
1080 1712 1109 1769 ὁ
1151 1713 1290 1778 Ζεὺς
1337 1714 1639 1784 ἐμυθεύετο
1686 1736 1868 1785 κεκρε-

180 1806 410 1875 μακέναι
449 1826 506 1859 τε
546 1806 605 1858 ἐκ
642 1806 742 1858 τοῦ
783 1804 1010 1874 αἰθέρος
1040 1801 1143 1872 τὴν
1167 1801 1348 1871 ’Ἠραν
1379 1814 1610 1874 χρυσαῖς
1641 1800 1868 1858 ἁλύσεσι

113 1957 116 1959 ,
179 1896 252 1967 τῷ
293 1892 643 1963 χρυσοφανές
680 1913 731 1946 τι
773 1895 917 1961 ἔχειν
956 1889 1020 1945 τὰ
1063 1889 1236 1961 ἄστρα
1283 1890 1373 1945 καὶ
1423 1891 1481 1945 ἐκ
1527 1893 1638 1945 τῶν
1677 1893 1869 1946 ποδῶν

114 1993 156 2025 20
182 1980 350 2052 αὐτῆς
382 1980 485 2036 δύο
518 1978 764 2051 ἄκμονας
796 1979 1173 2049 ἐξηρτηκέναι,
1209 1977 1311 2048 τὴν
1343 1981 1449 2048 γῆν
1483 1978 1746 2048 δηλονότι
1777 1979 1868 2033 καὶ

301 2164 1867 2243 12ωςκαιτηιόεντηιε-23πεπμονηό-

181 2236 221 2275 4.
258 2230 336 2273 καὶ
367 2226 453 2279 τὰς
484 2225 649 2298 τέχνας
684 2215 756 2271 Os.
786 2229 851 2271 ed.
877 2252 936 2259 —
960 2223 1196 2297 ἐπήγαγεν
1229 2225 1297 2277 εἰς
1326 2243 1363 2271 τ.
1398 2228 1452 2296 β.
1465 2241 1495 2270 a
1527 2225 1594 2277 εἰς
1625 2244 1661 2271 τ.
1689 2230 1728 2284 β.
1754 2223 1870 2297 ἤγα-

180 2305 262 2345 »γεν
295 2289 354 2332 bc
394 2314 447 2319 —
489 2291 530 2330 5.
563 2282 750 2330 ἐπείποι
783 2303 817 2329 ω
857 2285 909 2343 Vl
955 2282 1029 2331 ἐπ.
1061 2284 1112 2329 τό
1149 2285 1195 2328 Ρ
1229 2311 1287 2318 -
1327 2290 1367 2330 6
1408 2282 1460 2328 τὸ
1494 2281 1592 2341 (τὸν
1623 2286 1752 2340 NV)
1786 2282 1870 2330 σὸν

181 2347 321 2404 μένος
354 2346 588 2390 MXZNc
618 2345 755 2389 Hom.
790 2348 824 2387 Z
849 2349 933 2388 407
967 2341 1018 2388 τὸ
1052 2341 1158 2388 τεὸν
1190 2344 1331 2416 μένος
1364 2340 1453 2388 Pb'

299 2405 443 2450 XVII.
484 2409 524 2448 9.
568 2399 630 2454 ὦς
668 2399 786 2447 ἄλλα
827 2403 933 2446 ΡΧ
969 2403 1049 2446 καὶ
1089 2400 1150 2454 ὡς
1188 2399 1325 2447 ἄλλαι
1365 2404 1390 2447 b
1428 2429 1481 2435 -
1523 2408 1674 2448 9.10.
1723 2401 1869 2474 [παρὰ

183 2464 324 2520 φρυξὶ
362 2463 443 2507 καὶ
482 2460 592 2520 ἤδη]
633 2462 764 2506 NGc
805 2488 858 2494 ——
900 2467 967 2505 11.
1009 2460 1171 2506 ἔθνεσι
1210 2477 1239 2505 α
1280 2461 1430 2517 ελλησι
1463 2463 1522 2506 bc
1561 2487 1615 2493 —
1664 2467 1729 2505 12.
1775 2458 1867 2506 υπὸ

184 2523 269 2594 [τ’]
303 2521 405 2573 διὸς
443 2535 466 2565 0
508 2546 560 2554 —-
604 2525 669 2564 14.
711 2519 862 2578 μέμνῃ
899 2516 975 2564 ότε
1021 2517 1065 2564 τ’
1108 2518 1201 2574 ἐκρ.
1242 2535 1272 2564 a
1309 2521 1444 2565 Hom.
1488 2522 1529 2564 O
1569 2524 1622 2564 18
1667 2518 1867 2576 μέμνησ’

183 2599 236 2626 ov
288 2576 382 2636 (οτε
414 2581 478 2636 Β)
519 2576 696 2636 ἐκρέμω
730 2580 755 2623 b
796 2605 850 2611 —
893 2584 960 2624 15.
1001 2577 1099 2623 δύω
1132 2579 1266 2623 Hom.
1302 2576 1389 2623 δύο
1424 2578 1461 2622 0
1501 2603 1556 2611 -—
1595 2584 1665 2624 16.
1709 2579 1868 2648 μυθοῦ

181 2656 230 2684 τε
268 2639 304 2683 O
337 2664 391 2671 —
431 2644 497 2683 16.
533 2643 599 2682 17.
632 2638 769 2681 τοῦτο
809 2638 1104 2708 παραφέρειν
1142 2638 1189 2681 Β
1228 2664 1283 2670 -
1327 2643 1394 2682 17.
1443 2637 1598 2706 τοῦτο]
1639 2653 1775 2680 τουτο
1815 2633 1867 2680 τὸ

185 2698 258 2743 Os.
299 2699 364 2742 ed.
407 2722 461 2730 —
503 2693 765 2752 ἐμυθεύετο
806 2711 860 2741 ex
901 2693 1199 2753 έμυθεύσατο
1233 2697 1296 2739 M
1330 2692 1626 2752 ἐμυθεύσατο
1672 2691 1869 2751 (ἐμυθή-

183 2772 293 2801 σατο
327 2756 406 2813 V)
443 2756 572 2799 PXl
611 2781 665 2787 —
709 2760 1112 2812 17.18.κεκρεμ
1153 2757 1391 2811 (κεκρεμμ.
1430 2753 1546 2808 NG)
1589 2753 1677 2811 [τε]
1722 2755 1781 2798 bc
1813 2779 1869 2785 —

188 2820 253 2859 19
290 2811 341 2858 ἐκ
376 2815 453 2872 [τ.]
485 2814 643 2858 ποδῶν
676 2811 713 2859 b'
