1998 3088
188 120 261 172 50
844 119 1217 162 ΚΟΡΝΟΤΤΟΤ

187 247 362 307 ρεῖται
402 238 462 293 ἐν
509 234 673 312 αὐτῷ.
742 235 1005 307 συρικτὴν
1054 236 1115 291 δὲ
1161 234 1304 291 εἶναι
1342 235 1479 306 τάχα
1525 235 1627 307 μὲν
1676 234 1769 291 διὰ
1806 234 1869 291 τὸ

186 322 295 380 ὑπὸ
335 328 615 380 παντοίων
662 321 882 394 ἀνέμων
924 326 1306 392 διαπνεῖσθαι,
1348 323 1485 395 τάχα
1533 322 1584 378 δ’
1621 324 1737 379 ἐπεὶ
1768 322 1870 394 τὴν

188 413 475 483 ἐμμέλειαν
536 410 849 483 ἄγριοφανῆ
913 412 1001 466 καὶ
1066 410 1349 483 αὐστηρὰν
1410 409 1529 466 ἀλλ’
1601 409 1668 466 οὐ
1735 411 1873 484 πρὸς

188 501 450 567 ἐπίδειξιν
492 504 613 570 ἔχει.
689 503 762 574 τῷ
812 499 874 554 δὲ
921 502 981 555 ἐν
1023 511 1139 564 τοῖς
1179 498 1366 570 ὅρεσιν
1399 497 1571 555 αὐτὸν
1618 500 1710 554 καὶ
1757 511 1872 565 τοῖς

140 607 162 640 5
188 593 476 659 σπηλαίοις
524 591 846 643 διαιτᾶσθαι
884 588 976 642 καὶ
1021 586 1084 643 τὸ
1130 591 1226 658 τῆς
1274 592 1465 651 πίτυος
1519 588 1726 658 στέμμα
1782 590 1870 643 ε’π-

183 674 597 746 ηκολούθησεν,
661 674 849 745 ὄρειόν
910 697 963 730 τι
1024 675 1115 729 καὶ
1185 675 1589 746 μεγαλοπρεπὲς
1649 680 1872 746 ἔχοντος

182 767 282 818 τοῦ
331 766 538 834 φυτοῦ,
579 768 656 819 ε”τι
706 763 766 818 δὲ
804 764 865 818 τὸ
905 762 1159 828 Πανικὰς
1197 765 1459 834 λέγεσθαι
1497 762 1737 835 ταραχὰς
1774 762 1871 830 τὰς

184 854 504 922 αἰφνιδίους
547 851 638 904 καὶ
684 848 941 920 ἀλόγους·
999 849 1162 905 οὕτω
1191 850 1295 920 γάρ
1341 871 1456 915 πως
1500 852 1591 906 καὶ
1640 854 1701 906 αἱ
1745 841 1869 922 ἀγέ-

181 944 273 993 λαι
313 938 406 992 καὶ
448 937 514 993 τὰ
558 938 782 994 αἰπόλια
825 949 1067 993 πτοεῖται
1109 937 1303 1008 ψόφου
1344 938 1497 1003 τινὸς
1546 941 1601 1005 ἐξ
1647 937 1781 1010 ’ὕλης
1835 937 1868 1010 ἢ

118 1045 160 1077 10
182 1029 293 1081 τῶν
347 1022 646 1096 ὑπάντρων
699 1026 790 1080 καὶ
846 1029 1234 1096 φαραγγωδῶν
1287 1026 1473 1081 τόπων
1535 1025 1868 1084 ἀκούσαντα.

182 1118 395 1179 οἰκείως
434 1114 495 1169 δὲ
540 1116 631 1169 καὶ
677 1118 789 1170 τῶν
835 1113 1108 1184 άγελαίων
1155 1116 1490 1186 θρεμμάτων
1537 1114 1712 1171 αὐτὸν
1758 1118 1867 1171 ε’πί-

180 1218 389 1256 σκοπον
446 1201 802 1272 ἐποιήσαντο,
860 1201 995 1272 τάχα
1050 1201 1151 1273 μὲν
1208 1200 1301 1256 διὰ
1356 1205 1519 1257 τοῦτο
1573 1203 1665 1258 καὶ
1710 1202 1869 1275 κερά-

180 1308 315 1361 στην
361 1288 535 1344 αὐτὸν
573 1290 664 1344 καὶ
706 1293 934 1360 δίχηλον
972 1288 1322 1359 πλάττοντες,
1371 1289 1509 1361 τάχα
1554 1290 1615 1346 δὲ
1652 1289 1713 1346 τὸ
1756 1294 1867 1346 διτ-

177 1379 278 1434 τὸν
328 1381 440 1433 τῶν
492 1376 792 1447 ἐξεχόντων
843 1379 903 1432 ἐν
958 1376 1105 1451 αὐτῷ
1153 1376 1309 1433 ὤτων
1361 1377 1748 1449 αἰνιττόμενοι.
1796 1412 1866 1418 -

117 1463 330 1530 15Ἴσως
370 1464 421 1519 δ’
464 1461 534 1519 ἂν
583 1458 744 1529 οὗτος
791 1465 882 1519 καὶ
927 1463 955 1520 ὁ
996 1469 1251 1535 Πρίαπος
1289 1473 1399 1536 εἴη,
1446 1463 1577 1520 καθ’
1621 1463 1689 1521 ὃν
1735 1466 1866 1539 πρό·

178 1570 319 1608 εισιν
359 1556 436 1618 εἰς
475 1556 594 1623 φῶς
631 1551 835 1622 πάντα,
874 1556 986 1607 τῶν
1026 1547 1272 1623 ἀρχαίων
1306 1553 1736 1624 δεισιδαιμόνως
1773 1555 1866 1610 καὶ

176 1639 361 1711 ἁδρῶς
402 1639 493 1695 διὰ
533 1639 748 1695 τούτων
794 1636 828 1694 ἃ
876 1639 1161 1711 ἐφρόνουν
1207 1642 1332 1712 περὶ
1378 1645 1475 1711 τῆς
1513 1644 1614 1696 τοῦ
1650 1642 1866 1713 κόσμου

178 1728 396 1798 φύσεως
433 1727 835 1797 παριστάντων.
898 1730 1154 1798 ἐμφαίνει
1192 1731 1338 1799 γοῦν
1375 1727 1437 1784 τὸ
1477 1732 1714 1800 μέγεθος
1751 1733 1864 1786 τῶν

177 1819 408 1870 αἰδοίων
464 1814 564 1885 τὴν
614 1814 1030 1882 πλεονάζουσαν
1081 1817 1140 1871 ἐν
1191 1819 1264 1890 τῷ
1316 1820 1433 1890 θεῷ
1491 1817 1863 1889 σπερματικὴν

111 1920 156 1950 20
180 1903 447 1974 δύναμιν,
496 1900 529 1972 ἡ
572 1901 624 1957 δ’
669 1905 730 1958 ἐν
768 1915 884 1967 τοῖς
921 1902 1147 1968 κόλποις
1186 1901 1360 1959 αὐτοῦ
1399 1911 1716 1977 παγκαρπία
1761 1906 1864 1977 τὴν

179 1992 473 2054 δαψίλειαν
512 1993 625 2044 τῶν
665 1991 726 2044 ἐν
763 2002 881 2055 ταῖς
921 1993 1146 2056 οἰκείαις
1185 1989 1355 2061 ὥραις
1395 1990 1550 2056 ἐντὸς
1587 1996 1689 2047 τοῦ
1734 1993 1862 2049 κόλ-

176 2098 285 2132 που
325 2077 624 2147 φυομένων
670 2077 759 2132 καὶ
800 2075 1289 2148 ἀναδεικνυμένων
1330 2082 1575 2145 καρπῶν.
1642 2097 1861 2151 παρεισ-

177 2164 365 2234 άγεται
399 2164 460 2218 δὲ
490 2164 581 2218 καὶ
614 2161 778 2228 αὐτὸς
810 2163 989 2235 φύλαξ
1027 2167 1141 2219 τῶν
1179 2186 1235 2219 τε
1265 2164 1457 2235 κήπων
1489 2166 1579 2220 καὶ
1611 2170 1722 2221 τῶν
1763 2166 1862 2238 άμ-

297 2330 336 2369 1.
371 2321 422 2368 ἐν
454 2320 581 2383 αυτῷ
614 2325 686 2379 (ex
710 2325 766 2394 -ᾗ
800 2338 912 2370 corr.
940 2326 1022 2381 M)
1055 2321 1224 2381 a'2Nb'
1239 2322 1293 2383 V2
1307 2339 1330 2368 c
1363 2322 1414 2369 ἐν
1446 2322 1565 2385 αυτῇ
1593 2327 1671 2371 ΖΝ
1698 2325 1749 2371 ἐν
1783 2324 1861 2373 οὖ-

175 2384 300 2440 ρανῷ
335 2383 498 2427 Struve
530 2407 584 2414 —
627 2379 747 2454 [6²02]
782 2379 820 2427 b'
856 2409 909 2415 —-
951 2389 990 2427 4.
1035 2356 1174 2454 ἔχειν2
1200 2383 1255 2440 V²
1269 2384 1400 2428 LNc
1438 2411 1493 2417 -—
1529 2387 1590 2444 τῷ
1633 2384 1685 2430 δε
1727 2383 1764 2431 b'
1805 2383 1857 2431 τὸ

174 2439 227 2485 δὲ
261 2441 380 2486 aNc
419 2467 474 2473 —-
515 2446 555 2485 8.
593 2457 738 2492 ουτως
770 2456 799 2485 α
838 2467 893 2474 -—-
937 2446 1005 2487 10.
1033 2415 1310 2512 ὑπάντρων]
1345 2459 1564 2499 πετρωων
1596 2444 1639 2488 G
1676 2470 1734 2476 -—
1772 2443 1845 2488 τό·

173 2499 297 2558 πων]
337 2496 513 2543 τούτων
545 2499 750 2557 1371-
794 2505 860 2544 14.
903 2496 954 2544 ἐν
987 2495 1113 2559 αὐτῷ
1151 2515 1179 2544 a
1222 2499 1300 2558 [ε.]
1345 2518 1387 2544 α.
1421 2504 1480 2546 be
1516 2528 1571 2534 —
1610 2508 1678 2547 16.
1717 2505 1857 2548 δεισι-

173 2555 414 2615 δαιμόνων
439 2558 624 2603 ercozi
643 2533 693 2602 δ’
716 2557 803 2603 εἰσὶ
827 2554 1067 2615 δαιμόνων
1092 2572 1113 2602 c
1138 2584 1192 2590 —-
1228 2563 1294 2606 17.
1326 2556 1472 2615 ἁδρὸς
1496 2561 1538 2604 G
1569 2557 1718 2618 ἁδρὸν
1751 2562 1859 2607 Che-

173 2676 267 2719 cozi
298 2671 439 2730 ἁδροί
458 2675 632 2720 Eudoc.
660 2676 784 2720 codd.
820 2701 870 2708 —
915 2673 992 2719 διὰ
1027 2673 1203 2719 τούτων
1237 2655 1349 2729 (δια
1367 2677 1427 2732 L)
1460 2693 1489 2721 a
1520 2674 1600 2721 δια
1633 2675 1856 2723 τοιούτων

172 2731 581 2802 801ι9π.διαπετὴς
612 2735 637 2778 b
670 2730 817 2778 αὐτὸν
850 2730 918 2778 δι’
953 2748 976 2778 c
1005 2759 1063 2767 —
1104 2738 1171 2777 19.
1212 2730 1297 2790 τὴν
1328 2732 1676 2793 πλεονάζουσαν
1709 2734 1761 2781 ἐν
1792 2738 1855 2797 τῷ

168 2793 270 2851 θεῷ
305 2807 334 2836 a
336 2787 415 2850 'V,
452 2809 488 2837 τ.
524 2796 595 2838 πλ.
631 2789 681 2836 ἐν
713 2810 750 2837 τ.
785 2791 949 2837 αἰδοίω
983 2794 1030 2837 lc
1064 2792 1120 2849 [τ.
1154 2795 1226 2838 πλ.
1262 2790 1313 2837 ἐν
1344 2811 1382 2839 τ.
1416 2794 1486 2852 θ’.]
1522 2796 1547 2839 b

1944 0 1998 192 ἒ

1967 194 1998 229 53.
