1998 3088
146 109 183 160 4
812 103 1185 147 KOPNOTTOT

149 224 355 296 μητέρα
394 221 580 278 αὐτῶν
621 220 942 292 ἐμύθευσαν
982 218 1154 290 εἶναι,
1201 219 1407 290 πατέρα
1447 218 1509 274 δὲ
1549 216 1649 274 τὸν
1688 216 1837 289 Κρό-

148 334 253 368 νον
293 298 550 382 ἤτοιδιά
591 306 654 365 τὸ
696 310 756 364 ἐν
794 310 1142 379 τεταγμένοις
1173 306 1383 379 χρόνον
1422 308 1641 379 μέτροις
1686 306 1839 377 γενέ-

151 407 283 455 σθαι
325 401 497 454 ταῦτα
534 393 568 467 ἢ
610 394 704 450 διὰ
742 394 805 451 τὸ
828 393 974 451 ’κατὰ
1014 394 1305 466 σύγκρισιν
1337 395 1428 450 καὶ
1459 394 1712 465 βρασμὸν
1745 396 1840 464 τῆς

146 486 283 558 ὕλης
332 486 434 557 τὴν
488 487 566 550 εἰς
614 481 681 537 τὰ
733 494 974 553 στοιχεῖα
1023 481 1303 553 διάκρισιν
1350 479 1740 538 ἀποτελεῖσθαι
1785 481 1839 553 ἤ,

101 593 121 625 5
147 573 282 646 ὅπερ
314 570 736 640 πιθανώτατον,
787 568 881 625 διὰ
919 568 982 625 τὸ
1020 573 1324 641 τηνικαῦτα
1360 567 1708 640 ὑφίστασθαι
1739 568 1838 625 τὸν

146 663 349 734 αἰθέρα
394 663 479 716 καὶ
525 662 621 715 τὸν
669 659 827 729 ἀέρα,
877 655 1025 728 ἡνίκ’
1078 654 1148 713 ἂν
1202 659 1260 713 ἐκ
1310 657 1485 729 πυρὸς
1532 660 1754 729 κινῆται
1804 655 1838 728 ἡ

147 749 316 820 φύσις
347 749 433 804 ἐπὶ
463 746 525 804 τὸ
559 750 814 820 κραίνειν
838 746 928 801 καὶ
955 744 1244 801 ἀποτελεῖν
1270 745 1337 801 τὰ
1371 745 1524 802 ὄντα.
1573 767 1612 802 ο.
1638 749 1689 801 4.
1729 745 1842 800 Διὰ

149 837 211 892 δὲ
255 835 463 906 ταύτην
510 834 617 906 τὴν
665 836 849 890 αἰτίαν
893 834 986 889 καὶ
1031 832 1130 889 τὸν
1181 837 1573 890 Ποσειδῶνα
1625 838 1841 906 ἔφασαν

150 929 209 982 οι
242 923 463 997 ἀρχαῖοι
502 922 734 995 Κρόνου
780 923 871 977 καὶ
903 919 1054 988 Ῥέας
1100 921 1229 978 υἱὸν
1270 921 1433 978 εἶναι·
1488 923 1580 978 καὶ
1626 921 1732 995 γὰρ
1779 922 1841 978 τὸ

86 1033 129 1066 10
151 1012 307 1085 ύδωρ
347 1014 406 1068 ἐκ
443 1014 540 1083 τῆς
579 1012 871 1083 εἰρημένης
908 1013 1215 1082 μεταβολῆς
1252 1015 1477 1082 γίνεται.
1549 1015 1845 1067 Ποσειδῶν

151 1102 218 1157 δέ
260 1090 410 1156 ἐστιν
456 1097 491 1170 ἡ
539 1097 909 1171 ἀπεργαστικὴ
956 1103 1057 1155 τοῦ
1105 1100 1166 1155 ἐν
1212 1102 1277 1172 τῇ
1326 1102 1396 1172 γῇ
1443 1099 1536 1154 καὶ
1579 1100 1703 1172 περὶ
1741 1098 1844 1170 τὴν

149 1192 255 1261 γῆν
309 1187 487 1262 ὑγροῦ
544 1187 806 1260 δύναμις,
869 1195 1055 1243 εῖτουν
1111 1186 1217 1243 ἀπὸ
1281 1191 1378 1258 τῆς
1430 1187 1645 1252 πόσεως
1699 1186 1844 1243 οὕτω

149 1284 421 1348 κληθεῖσα
474 1276 567 1332 καὶ
620 1279 722 1332 τοῦ
774 1275 998 1331 διδόναι
1054 1275 1290 1347 ταύτην,
1341 1282 1448 1331 εἴτε
1495 1274 1660 1345 λόγος
1709 1273 1843 1330 καθ’

151 1362 220 1421 ὃν
262 1367 392 1420 ἰδίει
430 1362 463 1435 ἡ
505 1362 676 1435 φύσις
718 1367 1066 1434 [φυσιιδίων]
1110 1366 1285 1434 ἐστίν,
1326 1361 1436 1419 εἴθ’
1476 1365 1648 1419 οἱονεὶ
1687 1366 1847 1419 πεδο-

90 1471 132 1504 15
157 1456 325 1509 σείων
366 1449 685 1523 ὠνόμασται
723 1450 858 1506 κατὰ
896 1449 998 1522 τὴν
1037 1453 1636 1524 παραδειχθησομένην
1675 1449 1851 1507 αὐτοῦ

157 1540 421 1611 ἰδιότητα.
483 1560 524 1595 ο.
559 1542 608 1595 5.
643 1537 912 1610 Ἀδελφὸς
944 1539 1006 1594 δὲ
1045 1538 1231 1595 αὐτῶν
1261 1541 1352 1596 καὶ
1392 1538 1421 1596 ὁ
1448 1538 1671 1611 Ἅιδης
1708 1537 1850 1595 εἶναι

157 1631 384 1699 λέγεται.
464 1619 627 1692 οὗτος
667 1627 733 1682 δέ
768 1628 919 1683 ἐστιν
966 1625 994 1683 ὁ
1036 1629 1513 1700 παχυμερέστατος
1554 1629 1646 1683 καὶ
1684 1645 1852 1699 προσ-

157 1716 440 1787 γειότατος
471 1714 602 1787 ἀήρ·
644 1713 788 1787 ὁμοῦ
818 1715 926 1787 γὰρ
963 1712 1154 1781 αὐτοῖς
1192 1721 1402 1786 γίνεται
1434 1717 1525 1771 καὶ
1558 1713 1724 1781 αὐτὸς
1754 1714 1850 1788 ἀρ-

280 1869 318 1908 1.
327 1859 683 1935 έμνθεύσαντο
715 1862 782 1921 ΝΞ
800 1859 845 1907 b'
850 1876 873 1907 c
901 1888 956 1895 -—
989 1867 1032 1906 2.
1065 1862 1251 1932 μέτροις
1283 1861 1458 1933 (μέτρις
1480 1863 1554 1920 Ν)
1590 1860 1761 1920 χρόνον
1794 1865 1853 1909 bc

158 1948 217 1955 —
248 1928 288 1967 3.
323 1916 351 1978 ἢ
385 1918 484 1978 [δια
518 1918 592 1979 τὸ]
628 1937 658 1966 α
689 1948 744 1953 -
765 1895 1039 1980 2σύγκρισιν]
1061 1918 1286 1992 σύγκισιν
1312 1922 1369 1965 Ν
1394 1919 1650 1993 σύγκρασιν
1685 1922 1758 1967 Os.
1782 1922 1848 1967 ed.

161 2008 216 2014 ——
243 1985 284 2025 5.
317 1976 647 2050 πιθανώτερον
671 1980 782 2025 Lbc
807 2006 862 2012 -
888 1986 927 2026 5.
936 1985 995 2053 6.
1025 1977 1108 2025 τὸν
1141 1979 1319 2035 αἰθέρα
1344 1981 1423 2024 καὶ
1447 1978 1530 2024 τὸν
1563 1976 1683 2037 αέρα
1707 1980 1854 2025 Schm.

160 2037 244 2083 τὸν
270 2036 374 2095 (τὴν
393 2040 476 2093 M)
510 2037 686 2095 αἰθέρα
711 2039 775 2083 ab
806 2035 890 2083 τὸν
921 2035 1040 2095 αέρα
1065 2053 1088 2083 c
1113 2064 1167 2071 —
1194 2045 1234 2083 6.
1259 2037 1399 2095 ἡνίκα
1423 2055 1484 2081 αν
1512 2038 1549 2082 O
1581 2065 1635 2070 —
1668 2039 1856 2095 κινῆται

162 2097 218 2141 N
229 2097 341 2200 {M
365 2097 552 2156 κινῇται
581 2096 624 2140 G
656 2102 856 2141 κινεῖται
891 2097 1052 2140 XLP
1079 2098 1268 2152 κινῆται
1298 2110 1386 2141 ras.
1421 2111 1534 2141 corr.
1569 2111 1624 2141 ex
1656 2104 1856 2142 κινεῖται

161 2156 208 2199 Β
267 2160 502 2258 κΙιῆεῑέοΘο.
538 2209 613 2268 ἐφ.
646 2210 770 2257 εἶναι
802 2210 851 2256 οἷ
879 2230 921 2258 α.
957 2211 1062 2271 ([οἷ]
1099 2210 1199 2271 ἆρχ.
1232 2214 1304 2271 Ν)
1338 2231 1407 2269 κρ.
1440 2230 1481 2259 κ.
1513 2210 1627 2286 ρέας
1658 2211 1764 2258 υἷὸν
1797 2215 1856 2259 bc
1990 2228 1998 2269 3

166 2299 220 2306 -
249 2277 317 2316 12.
351 2274 507 2316 εἴτονν
532 2271 619 2315 zM
646 2267 731 2315 εἶ”τ
760 2287 845 2315 ουν
850 2271 989 2343 ΡῘῙΞ
1027 2274 1181 2318 εἴτουν
1215 2286 1328 2317 corr.
1361 2273 1409 2316 in
1437 2268 1525 2316 εἶτ’
1555 2273 1657 2329 (sic)
1691 2266 1776 2317 οὖν
1804 2273 1857 2316 Χ
1993 2275 1998 2314 ἰ

164 2328 268 2403 ἤτοι
293 2333 351 2376 bc
369 2356 422 2362 -
452 2335 518 2374 13.
547 2332 638 2374 εἴτε
664 2326 862 2388 λόγος]
845 2326 874 2386 ἠ
900 2326 1017 2375 καθ’
1039 2329 1197 2388 ἕτερον
1221 2328 1362 2387 λόγον
1386 2345 1409 2376 c
1433 2358 1487 2364 —
1516 2337 1583 2375 13.
1613 2337 1681 2376 14.
1709 2328 1852 2402 [καθ’

166 2386 579 2503 ⁰²'z'L‘f‘Zfflssffiff
556 2414 636 2492 ’ὲ
656 2394 725 2479 ¹2·
751 2388 1858 2519 fff‘fffl'lofssffmsssQss‘lfissofifffflssyxoffss’ff‘ssffv

167 2451 475 2562 gnosmvzgffl
450 2521 562 2551 οσον
586 2501 712 2550 οἷπέδ
735 2506 903 2551 lacuna
927 2503 1168 2552 σειέινΘ
1151 2504 1261 2553 όσον
1285 2509 1544 2552 πεδοσείων
1569 2509 1732 2563 (πεδοσ
1750 2520 1855 2564 par-

167 2608 279 2654 vula
308 2609 394 2653 lac.
433 2585 553 2665 ῖὶνΧ)
578 2623 607 2653 α
640 2603 706 2654 όσ.
733 2605 827 2653 απὸ
853 2610 937 2654 τοῦ
964 2609 1046 2666 ἕδη
1071 2612 1214 2654 σείειν
1239 2611 1306 2668 ΝΞ
1318 2611 1364 2654 Β
1397 2605 1509 2668 [όσ.]
1542 2607 1811 2654 ποσειδοῖων
1836 2623 1858 2654 c

287 2667 342 2711 V.
378 2673 444 2712 16.
457 2666 600 2737 [καὶ]
633 2667 852 2712 Villoison
885 2670 1106 2714 suadente
1141 2670 1241 2714 cod.
1274 2670 1548 2725 Augustano
1584 2694 1637 2700 —
1673 2671 1738 2711 18.
1774 2664 1857 2711 αὖ·

168 2730 267 2777 τοῖς
299 2741 328 2770 a
359 2722 500 2777 αὐτὸς
530 2726 556 2771 b
599 2726 684 2784 [α.]
719 2740 760 2798 c,
774 2752 829 2758 -
870 2727 950 2771 καὶ
992 2725 1175 2786 [αὐτὸς]
1210 2742 1232 2772 c
1267 2754 1320 2760 —
1353 2723 1858 2785 Ρ.5,1.αρξαμένης

171 2784 316 2830 Schm.
350 2781 610 2842 αρξαμενος
641 2786 705 2830 ab
739 2781 931 2842 ἄρχεται
960 2800 983 2831 c
