1998 3088
191 128 263 180 20
850 129 1221 173 KOPNOTTOT

192 261 299 300 σαν
339 249 472 316 μίαν
505 244 606 316 μὲν
646 242 789 300 εἶναι
828 244 1009 315 Χάριν
1046 244 1149 316 τὴν
1188 246 1312 317 περὶ
1351 244 1451 300 τὸν
1489 243 1880 316 ὑπουργοῦντά

191 356 243 389 τι
283 332 598 404 ῶφελίμως,
647 335 839 405 ἑτέραν
881 334 942 389 δὲ
981 332 1082 405 τήν
1122 335 1246 406 περὶ
1289 333 1388 389 τὸν
1427 333 1732 406 δεχόμενον
1777 333 1879 405 τὴν

192 420 507 494 ὑπουργίαν
552 422 642 476 καὶ
691 423 1058 492 ἐπιτηροῦντα
1102 420 1202 477 τὸν
1247 421 1445 490 καιρὸν
1489 425 1585 493 τῆς
1626 420 1879 493 ἀμοιβῆς,

192 513 384 580 τρίτην
426 507 487 563 δὲ
526 507 628 578 τὴν
664 508 789 578 περὶ
827 507 926 564 τὸν
965 506 1478 581 άνθυπουργοῦντά
1518 532 1568 565 τι
1607 511 1737 565 καθ’
1782 509 1881 566 αὑ·
1957 558 1961 569 ,

148 612 170 646 5
192 595 291 652 τὸν
333 599 391 652 ἐν
423 599 611 670 καιρῷ.
675 599 902 665 [ἱλαρῶς
935 595 996 651 δὲ
1036 595 1340 666 εὐεργετεῖν
1381 597 1606 661 δέοντος
1643 597 1734 652 καὶ
1767 600 1879 652 ι”λα-

116 733 120 735 .
188 683 321 757 ρους
374 687 660 740 ποιουσῶν
713 683 844 750 τοὺς
892 681 1388 756 εὐεργετουμένους
1441 688 1551 740 τῶν
1602 689 1880 757 Χαρίτων,

188 776 411 844 πρῶτον
444 773 545 844 μὲν
576 774 779 837 κοινῶς
810 770 917 828 ἀπὸ
949 775 1046 844 τῆς
1076 776 1248 845 χαρᾶς
1276 776 1448 827 πᾶσαι
1478 772 1711 845 Χάριτες
1742 771 1879 829 ῶνο-

188 860 463 932 μασμέναι
513 864 639 916 εἰσί·
694 861 786 915 καὶ
841 859 1114 933 εὔμορφοι
1167 860 1226 915 δὲ
1282 861 1538 931 λε’γονται
1589 859 1734 917 εἶναι
1788 863 1877 917 καὶ
1930 850 1937 858 ’

188 946 447 1020 εὐήδειαν
486 948 579 1003 καὶ
617 947 967 1019 πιθανότητα
1012 953 1354 1020 χαρίζεσθαι·
1403 947 1518 1004 εἶτα
1564 947 1682 1004 κατ’
1729 953 1880 1006 ἰδίαν

123 1034 223 1108 1οἡ
266 1037 368 1108 μὲν
402 1035 625 1107 Ἀγλαΐα
657 1036 1125 1108 προσηγόρευται,
1164 1035 1197 1108 ἡ
1238 1036 1298 1091 δὲ
1331 1038 1559 1106 Θάλεια,
1599 1035 1631 1108 ἡ
1675 1037 1736 1094 δὲ
1771 1036 1881 1094 Εὐ-

188 1124 476 1196 φροσύνη,
532 1123 624 1179 διὰ
674 1126 839 1178 τοῦτο
893 1125 1060 1179 ἐνίων
1110 1124 1202 1178 καὶ
1250 1121 1527 1194 Εὐάνθην
1577 1125 1880 1197 φησάντων

189 1215 396 1285 μητέρα
435 1212 620 1269 αὐτῶν
668 1210 838 1282 εἶναι,
885 1215 1056 1267 τινῶν
1099 1209 1150 1266 δ’
1194 1214 1422 1283 Αἴγλην.
1501 1225 1783 1270 συνοικεῖν
1825 1213 1876 1270 δ’

172 1300 413 1408 ’Όμηρος
453 1306 557 1373 ἔφη
603 1305 735 1373 μίαν
775 1303 887 1356 τῶν
931 1305 1186 1371 Χαρίτων
1232 1304 1306 1376 τῷ
1347 1299 1630 1377 “Ηφαίστῳ
1678 1302 1770 1358 διὰ
1819 1301 1880 1359 τὸ

189 1389 473 1462 ἐπιχάριτα
514 1387 659 1444 εἶναι
697 1411 764 1444 τα
802 1409 1022 1460 τεχνικα
1064 1393 1233 1459 ἐρ.γα]

123 1491 166 1526 15
301 1498 342 1533 ο.
380 1481 461 1533 16.
507 1475 786 1548 “Ηγεμόνα
827 1476 888 1531 δε
926 1476 1338 1550 παραδιδόασιν
1380 1475 1565 1532 αὐτῶν
1606 1476 1706 1533 τὸν
1740 1475 1891 1553 ‘Ep-

189 1569 339 1638 μῆν,
382 1567 743 1636 ἐμφαίνοντες
784 1588 867 1620 οτι
907 1561 1241 1636 εὐλογίστως
1290 1570 1610 1637 χαρίζεσθαι
1659 1570 1748 1622 δεῖ
1788 1567 1880 1621 καὶ

189 1653 262 1725 μὴ
296 1657 438 1727 εἰκῇ,
470 1650 610 1708 ἄλλα
641 1664 756 1718 τοῖς
787 1651 981 1720 αξίοις·
1024 1651 1052 1708 ὁ
1086 1676 1190 1726 γαρ
1224 1652 1613 1726 ἀχαριστηθεὶς
1646 1653 1881 1727 ὀκνηρό-

188 1764 346 1814 τερος
376 1746 586 1812 γίνεται
617 1739 840 1813 πρόςτὸ
867 1739 1187 1812 εὐεργετεῖν.
1238 1741 1496 1813 τυγχάνει
1531 1742 1592 1800 δὲ
1625 1740 1653 1799 ὁ
1678 1741 1882 1816 Ἑρμῆς

190 1829 219 1885 ὁ
261 1829 427 1900 λόγος
466 1828 571 1900 ὤν,
612 1826 679 1884 ὃν
719 1828 1047 1884 ἀπέστειλαν
1086 1828 1223 1902 πρὸς
1261 1827 1404 1901 ἡμᾶς
1443 1832 1497 1897 ἐξ
1538 1829 1785 1901 οὐρανοῦ
1827 1833 1885 1886 οί

124 1934 167 1966 20
190 1922 342 1988 θεοί,
382 1917 563 1988 μόνον
593 1915 694 1973 τὸν
727 1916 1047 1989 ἀνθρώπων
1080 1921 1193 1974 τῶν
1225 1920 1310 1974 ἐπὶ
1345 1922 1444 1989 γῆς
1477 1918 1629 1994 ζςόων
1654 1917 1879 1990 λογικὸν

191 2004 538 2077 ποιήσαντες,
564 2002 593 2061 ὃ
620 2004 769 2076 παρὰ
789 2000 963 2062 τᾶλλα
988 2006 1325 2078 ἐξοχώτατον
1351 2005 1503 2078 εἶχον
1527 2005 1698 2062 αὐτοί.
1741 2005 1880 2062 ῶνό-

190 2109 390 2164 μασται
431 2092 492 2148 δὲ
531 2083 638 2148 άπὸ
677 2096 777 2148 τοῦ
819 2095 966 2165 ἐρεῖν
1005 2092 1321 2164 μήσασθαι,
1362 2091 1497 2166 ὅπερ
1530 2095 1643 2149 ἐστὶ
1679 2096 1887 2165 λέγειν,

189 2178 224 2251 ἢ
265 2178 371 2235 ἀπὸ
412 2183 513 2236 τοῦ
553 2185 727 2251 ἔρυμα
765 2181 921 2251 ἡμῶν
962 2180 1105 2237 εἶναι
1143 2182 1235 2236 καὶ
1269 2177 1390 2237 οἷον
1423 2180 1698 2253 ὀχύρωμα.
1755 2174 1928 2238 ἀλλ”

312 2342 372 2399 [5.
399 2339 565 2396 ιλαρῶς
590 2366 645 2372 -
672 2346 740 2384 14.
769 2339 902 2415 ἔργα]
930 2341 1074 2387 Schm.
1103 2369 1157 2374 ——
1185 2347 1223 2387 5.
1251 2339 1435 2414 ἱλαρῶς
1441 2338 1488 2387 δ’
1511 2339 1777 2400 εὐεργετεῖν
1804 2345 1882 2388 δε-

192 2398 341 2450 όντως
379 2398 593 2470 (δέοντος
615 2399 710 2458 1112)
744 2415 773 2444 α
806 2398 975 2455 ἱλαρῶν
1008 2398 1055 2444 δ’
1090 2398 1348 2475 εὐεργετῶν
1381 2398 1535 2446 ουσῶν
1568 2403 1627 2447 bc
1652 2428 1705 2435 —
1733 2407 1772 2447 8.
1807 2419 1880 2447 ευ·

193 2475 366 2516 μορφοι
398 2456 451 2502 δὲ
484 2471 508 2502 c
540 2454 776 2515 εὔμορφαι
809 2459 860 2503 δε
894 2461 919 2503 b
961 2457 1192 2516 εὔμορφοι
1232 2459 1330 2519 [δε]
1368 2475 1397 2504 a
1428 2487 1484 2493 —
1520 2460 1621 2519 καὶ]
1662 2457 1742 2505 διὰ
1775 2457 1825 2505 τὸ
1858 2474 1881 2505 c

193 2543 248 2550 -—-
276 2522 315 2562 9.
351 2513 575 2573 εὖήδειαν
603 2517 649 2559 Ρ
670 2514 1088 2563 5ἰ·1ι7π.εὐει’δειαν
1115 2520 1295 2564 Mle
1328 2515 1539 2564 εὖειδιάν
1564 2533 1587 2564 c
1612 2545 1663 2551 -
1694 2524 1761 2564 12.
1793 2518 1880 2593 τὴν

194 2573 370 2632 μητέρα
408 2577 432 2619 b
478 2601 527 2607 —
572 2576 741 2647 Αἴγλην
781 2576 894 2621 Gale
954 2573 1152 2634 ἀγλαίην
1195 2579 1231 2621 Ο
1272 2604 1326 2610 -
1370 2583 1437 2622 14.
1479 2573 1724 2634 ἐπιχάριτα
1765 2574 1878 2634 (ε’πί·

192 2649 341 2691 χαρτα
376 2635 442 2689 Χ)
474 2648 504 2678 a
537 2630 614 2677 ἐπὶ
645 2633 796 2690 χάριτι
829 2636 888 2679 bc

311 2691 431 2736 XVI.
466 2698 535 2737 16.
569 2695 647 2736 δεῖ
645 2651 949 2749 χχαρίζεσθαι
979 2696 1038 2739 bc
1064 2720 1117 2726 —
1146 2700 1213 2741 19
1248 2690 1356 2753 [ὧν]
1391 2690 1446 2739 ὃν
1479 2696 1503 2739 b
1536 2719 1592 2726 —
1624 2699 1693 2738 20.
1727 2691 1876 2766 ζῴων]

195 2767 345 2867 :gnane
369 2747 510 2866 {2735}
533 2750 590 2807 G)
617 2752 735 2806 ζῶον
767 2753 826 2797 bc
852 2779 903 2784 —
938 2758 1007 2798 23.
1040 2749 1172 2810 ημῶν
1204 2769 1233 2798 a
1256 2753 1335 2798 Et.
1363 2754 1527 2810 Mayn.
1554 2757 1653 2808 376,
1679 2757 1734 2797 29
1768 2749 1879 2810 ἡμῖν

217 2826 329 2867 υμιν
522 2823 544 2854 c
