1998 3088
216 140 314 180 XVI
738 121 1010 167 CODICUM
1040 121 1367 167 RECENSUS.

363 249 446 298 23.
470 247 743 309 Leidensis,
767 246 888 296 olim
911 246 1359 307 Meermannianus,
1389 248 1491 296 103
1519 240 1714 310 (XVIII
1741 249 1808 297 67
1828 241 1900 312 Ε)

213 321 371 369 XVII.
411 321 609 370 saeculi.

363 397 446 444 24.
478 393 862 443 Mediolanensis
902 393 1264 442 Ambrosianus
1295 395 1337 440 Β
1371 394 1439 442 83
1474 408 1597 455 sup.,
1629 394 1736 443 XV.
1760 409 1900 456 saec.,

212 467 356 517 valde
394 468 625 530 mutilus,
665 467 771 515 sine
809 467 1146 529 inscriptione.

362 543 447 592 25.
488 540 780 590 Oxoniensis
819 539 1473 589 Bodleianus-Baroccianus
1510 542 1600 602 72,
1640 540 1747 590 XV.
1777 555 1900 590 saec.
1985 556 1990 569 ²

213 615 407 663 Desinit
443 614 607 663 verbis
647 609 720 663 ὅτι
758 612 888 662 ἴδιον
928 609 998 678 (Ρ.
1040 615 1125 676 22,
1168 606 1241 680 9).

363 690 445 736 26.
485 687 742 736 Parisinus
792 689 951 747 2551,
1000 686 1199 736 Osanno
1248 686 1403 736 PariS.
1447 689 1500 747 6,
1547 686 1656 737 XV.
1703 687 1899 736 saeculi.

212 761 409 811 Desinit
447 763 597 811 verbo
637 758 859 824 ἐνῆφθαι
898 754 967 828 (Ρ.
1011 763 1098 821 49,
1142 754 1251 826 18).

363 838 445 884 27.
485 835 744 883 Parisinus
786 836 952 895 3078,
993 833 1189 883 Osanno
1228 834 1385 882 Paris.
1418 836 1468 893 3,
1506 834 1666 882 XVII.
1691 834 1900 896 saeculi,

211 909 464 958 variantes
515 908 694 957 codicis
743 908 954 957 alicuius
994 923 1025 956 a
1063 907 1333 971 Sylburgio
1385 911 1641 970 excerptas
1681 908 1735 956 in
1771 908 1902 956 hunc

212 982 427 1031 codicem
487 982 803 1043 transcripsit
858 981 1095 1030 Claudius
1151 980 1438 1029 Salmasius.
1540 981 1621 1028 Ad
1681 979 1902 1044 ἐνῆφθαι

211 1049 282 1121 (Ρ.
321 1057 406 1116 49,
451 1048 542 1122 18)
584 1054 856 1104 Salmasius
895 1056 1018 1104 haec
1057 1054 1340 1104 adnotavit:
1406 1049 1562 1111 ‘Quae
1611 1057 1902 1117 sequuntur,

211 1129 417 1178 deerant
453 1128 506 1176 in
544 1129 819 1190 exemplari
855 1129 986 1177 unde
1025 1129 1146 1177 haec
1197 1128 1528 1190 exscripserat
1567 1122 1902 1191 Sylburgius'.

208 1202 405 1251 Desinit
429 1205 596 1251 autem
619 1202 809 1251 verbis:
850 1197 1216 1266 (ἐπονομάζεται
1247 1196 1292 1249 δ’
1338 1196 1433 1250 ἐπὶ’
1477 1195 1545 1268 (Ρ.
1582 1204 1665 1264 74,
1703 1195 1795 1268 14)
1831 1197 1900 1250 ‘et

210 1277 280 1324 sic
317 1279 488 1325 manet
524 1277 845 1338 imperfectus
885 1275 966 1323 hic
997 1270 1252 1338 Sylburg'.
1323 1275 1467 1323 Unde
1506 1278 1715 1337 apparet
1751 1276 1804 1323 in
1845 1291 1903 1323 ea

210 1350 436 1411 opusculi
475 1348 712 1398 Cornutei
750 1352 915 1413 parte,
955 1364 1081 1412 quae
1129 1349 1262 1411 apud
1307 1364 1396 1397 nos
1437 1351 1515 1397 est
1553 1365 1600 1411 p.
1637 1350 1722 1409 49,
1757 1350 1898 1397 18-

211 1439 259 1485 p.
303 1425 387 1484 74,
430 1424 513 1485 14,
554 1422 879 1486 Sylburgium
916 1423 1135 1471 codicem
1172 1422 1392 1470 familiae
1431 1417 1484 1470 61⁹
1523 1422 1825 1472 adhibuisse.

357 1491 413 1562 β)
454 1496 501 1544 ei
538 1497 750 1557 codiceS,
791 1497 877 1558 qui
914 1496 1380 1558 inscriptione-cum
1411 1490 1462 1544 b'
1492 1496 1695 1544 faciunt.
1749 1496 1903 1545 Deest

209 1569 388 1618 ultima
425 1571 588 1631 operis
628 1585 745 1632 pars
785 1564 923 1636 (inde
962 1570 1025 1617 ab
1064 1563 1412 1632 ἐπονομάζεται
1450 1564 1521 1632 (Ρ.
1564 1570 1646 1629 74,
1691 1564 1782 1634 14)
1820 1570 1902 1618 vel

212 1636 549 1710 (ἐπι)θετικῶς
608 1636 752 1710 ibid.)
808 1644 861 1691 in
920 1643 998 1691 his
1061 1643 1310 1692 codicibus
1373 1644 1430 1690 ut
1486 1643 1539 1690 in
1601 1642 1901 1692 editionibus

211 1716 397 1765 Aldina
428 1721 479 1767 et
509 1717 795 1778 Basileana3
839 1715 962 1781 Gale
999 1717 1190 1779 primus
1229 1716 1423 1778 reliqua
1462 1731 1521 1764 ex
1554 1714 1601 1765 G
1633 1717 1900 1778 supplevit.

360 1793 444 1840 28.
491 1792 562 1840 W
590 1812 659 1829 =
691 1791 1091 1840 Vindobonensis
1134 1791 1263 1851 253,
1312 1790 1421 1840 XV.
1460 1790 1660 1840 saeculi.
1734 1790 1901 1838 Habet

211 1864 338 1912 illud
376 1879 674 1927 apospasma
713 1880 773 1913 ex
811 1865 963 1914 schol.
1001 1863 1287 1927 Homerico,
1338 1863 1470 1925 quod
1509 1863 1602 1912 sub
1645 1865 1674 1910 2
1714 1863 1899 1912 videas,

210 1930 416 2003 (Variae
447 1938 683 1987 lectiones
715 1938 767 1986 in
803 1938 916 1987 hoc:
957 1934 1083 2000 Περὶ
1120 1938 1264 1987 λιτῶν
1302 1935 1369 1986 ἔτι
1408 1929 1607 2004 (rubr.)
1647 1935 1802 1985 εἰδοπ.
1833 1962 1894 1970 -

208 2008 441 2075 κέκληκεν
485 2038 546 2044 -
589 2006 766 2071 ταύτας
803 2028 894 2073 pro
931 2005 1135 2070 τούτους
1171 2037 1233 2044 -
1271 2004 1380 2072 [ἂν]
1421 2002 1804 2074 προηδικηκότες
1829 2035 1898 2044 --

143 2146 145 2150 f
211 2078 339 2146 [τὰς]
379 2080 560 2149 ὄψεις).

359 2160 444 2207 29.
482 2158 738 2206 Parisinus
788 2158 956 2217 2860,
1006 2156 1205 2205 Osanno
1251 2155 1408 2204 Paris.
1454 2160 1506 2218 1,
1552 2157 1658 2204 XV.
1701 2157 1897 2205 saeculi.

359 2233 442 2280 30.
478 2231 796 2280 Florentinus
822 2230 1187 2278 Laurentianus
1211 2231 1334 2292 plut.
1365 2231 1431 2279 56
1459 2230 1562 2279 cod.
1590 2232 1673 2291 20,
1699 2228 1896 2279 Osanno

210 2303 579 2353 Laurentianus
621 2306 667 2364 2,
707 2303 814 2352 XV.
854 2304 1052 2352 saeculi.

358 2380 444 2427 31.
483 2377 815 2438 Monacensis,
864 2377 984 2425 olim
1029 2376 1381 2439 Augustanus,
1430 2378 1558 2439 536,
1613 2376 1719 2426 XV.
1772 2391 1898 2426 saec.

358 2453 444 2501 32.
483 2452 735 2499 Romanus
774 2450 1077 2498 Barberinus
1115 2450 1167 2497 II
1208 2452 1299 2510 42,
1339 2450 1472 2498 XVI.
1513 2466 1638 2499 saec.

357 2525 441 2573 33.
481 2524 752 2587 Leidensis,
778 2524 895 2572 olim
910 2523 1356 2583 Meermannianus,
1379 2525 1484 2572 104
1508 2518 1704 2590 (XVIII
1723 2524 1788 2571 67
1802 2517 1896 2588 F),

209 2597 369 2646 XVII.
409 2613 534 2646 saec.

359 2672 443 2720 34.
484 2671 816 2730 Monacensis,
857 2670 974 2718 olim
1001 2669 1344 2732 Augustanus,
1377 2671 1500 2729 567,
1538 2668 1671 2716 XVI.
1696 2669 1896 2717 saeculi.

209 2743 406 2792 Desinit
442 2746 572 2792 teste
610 2743 956 2804 Laubmanno,
1002 2743 1331 2793 bibliothecae
1372 2743 1438 2792 M.
1476 2742 1748 2804 praefecto,
1796 2741 1896 2790 iam

209 2818 374 2867 verbis
413 2815 494 2865 καὶ
532 2812 717 2867 τούτων
758 2813 869 2884 (pro
908 2835 950 2866 κ.
989 2810 1192 2883 τούτου)
1234 2810 1302 2883 (Ρ.
1343 2818 1427 2877 29,
1471 2809 1540 2881 5.)
