1998 3088
855 117 1185 160 ΕΠῙΔΡΟΜΗ.
1796 121 1863 172 51

176 234 383 304 πίλων,
425 234 612 307 ἐπειδὴ
650 235 786 292 κατὰ
826 234 927 290 τὸν
967 234 1254 303 γεννῶντά
1297 236 1411 290 ε’στι
1443 236 1534 290 καὶ
1573 233 1633 290 τὸ
1675 236 1866 302 σώζειν

177 317 212 375 ἃ
251 326 424 394 γεννᾷ
467 324 579 391 [καὶ
617 327 718 379 τοῦ
761 321 902 387 Διὸς
943 323 1208 378 ἐντεῦθεν
1243 326 1491 395 σωτῆρος
1531 321 1674 377 εἶναι
1714 330 1867 393 λεγο-

175 409 398 480 με’νου],
436 410 527 465 καὶ
559 410 620 466 τὸ
653 411 755 483 μὲν
786 410 1117 481 πολύφορον
1149 412 1240 466 καὶ
1270 410 1526 484 καθαρὸν
1552 414 1613 466 αἱ
1632 410 1863 482 ἄμπελοι

175 501 498 569 παριστᾶσι,
547 498 784 570 μάλιστα
825 498 885 554 δὲ
924 497 986 554 τὸ
1026 503 1282 554 ποικίλον
1329 500 1420 554 καὶ
1461 499 1739 571 ἐπιτερπὲς
1775 500 1867 554 καὶ

175 587 378 656 ραδίαν
415 585 518 658 τὴν
549 588 769 657 γε’νεσιν
800 586 1143 658 ποιούμενον
1181 590 1238 642 οί
1263 591 1458 658 κῆποι,
1498 586 1760 658 τοιαύτην
1793 586 1868 652 ὡς
1890 607 1912 640 5

175 675 375 731 ἐπίπαν
415 673 592 731 αὐτοῦ
628 676 721 730 καὶ
759 673 861 745 τὴν
909 676 1118 745 ἐσθῆτα
1167 680 1404 746 ἔχοντος.
1483 675 1763 746 δρέπανον
1805 675 1867 731 δὲ

175 763 235 817 ἐν
274 765 339 834 τῇ
381 764 533 836 δεξιᾷ
570 764 712 835 χειρὶ
751 768 1028 833 προτείνει
1059 762 1298 833 πότερον
1332 763 1445 818 ἐπεὶ
1477 763 1655 837 τούτῳ
1689 766 1867 834 χρῶν-

172 871 263 905 ται
300 849 438 921 πρὸς
475 848 576 921 τὴν
615 850 898 922 κάθαρσιν
938 854 1050 906 τῶν
1091 849 1350 921 ἀμπέλων
1386 847 1419 921 ἢ
1453 851 1568 906 ἐπεὶ
1598 850 1733 906 κατὰ
1766 850 1867 906 τὸν

171 936 450 1008 τηροῦντά
499 942 559 992 τί
604 940 718 994 ἐστι
766 939 860 993 καὶ
913 943 1309 993 καθωπλίσθαι
1364 937 1504 1010 πρὸς
1558 935 1868 1008 ἀσφάλειαν

172 1023 347 1080 αὐτοῦ
387 1022 421 1096 ἢ
462 1023 535 1091 ὡς
572 1029 668 1097 τῆς
707 1025 879 1098 αὐτῆς
911 1026 1199 1098 δυνάμεως
1238 1025 1371 1098 μετὰ
1410 1024 1472 1082 τὸ
1514 1028 1758 1095 ἐνεγκεῖν
1797 1025 1863 1082 τὰ
1891 1046 1933 1079 ιο

174 1112 311 1168 ὄντα
349 1114 716 1186 ἐκτεμνούσης
747 1113 888 1171 αὐτὰ
918 1115 1010 1170 καὶ
1043 1114 1405 1186 φθειρούσης.
1444 1148 1504 1154 -
1538 1112 1773 1184 Ἀγαθὸς
1805 1115 1868 1170 δὲ
1898 1151 1902 1154 -

172 1206 409 1273 Δαίμων
448 1200 571 1273 ἤτοι
608 1202 780 1258 πάλιν
819 1200 847 1258 ὁ
890 1202 1096 1274 κόσμος
1142 1205 1255 1259 ἐστι
1307 1207 1529 1273 βρίθων
1567 1203 1658 1256 καὶ
1699 1201 1865 1268 αὐτὸς

170 1300 563 1361 τοῖς’καρποῖς
608 1287 642 1362 ἢ
691 1288 719 1347 ὁ
770 1290 1053 1363 προεστὼς
1099 1289 1271 1347 αὐτοῦ
1315 1293 1504 1361 λόγος,
1550 1289 1681 1346 καθ’
1728 1289 1867 1346 ὅσον

173 1382 413 1435 δατεῖται
463 1380 553 1435 καὶ
595 1383 892 1452 διαμερίζει
945 1379 1008 1435 τὸ
1056 1379 1355 1451 ἐπιβάλλον
1404 1377 1618 1450 ἀγαθὸς
1666 1380 1867 1451 διαιρέ-

170 1489 265 1538 της
303 1465 585 1540 ὑπάρχων.
663 1468 973 1539 προστάτης
1012 1468 1073 1523 δὲ
1118 1469 1210 1524 καὶ
1258 1469 1440 1540 σωτὴρ
1488 1471 1600 1524 τῶν
1642 1471 1861 1523 οἰκείων
1891 1485 1932 1518 15

171 1556 285 1612 ἐστὶ
323 1559 398 1631 τῷ
441 1554 634 1622 σώζειν
672 1559 852 1621 καλῶς
890 1555 990 1612 τὸν
1030 1560 1179 1612 ἴδιον
1220 1555 1376 1613 οἷκον
1422 1558 1515 1612 καὶ
1553 1554 1865 1627 ὑπόδειγμα

170 1646 430 1717 παρέχειν
476 1642 676 1699 ἑαυτὸν
724 1645 817 1700 καὶ
867 1656 983 1710 τοῖς
1033 1643 1235 1710 ἄλλοις.
1312 1643 1373 1700 τὸ
1427 1644 1489 1700 δὲ
1535 1647 1633 1714 τῆς
1674 1642 1866 1715 Ἀμαλ-

170 1737 329 1798 θείας
375 1734 540 1804 κέρας
586 1735 794 1788 οἰκεῖον
845 1731 992 1807 αὐτῷ
1041 1732 1268 1804 φόρημά
1319 1735 1496 1802 ἐστιν,
1546 1734 1607 1787 ἐν
1658 1724 1702 1806 ᾦ
1753 1730 1865 1802 ἅμα

170 1819 350 1875 πάντα
397 1818 660 1890 ἄλὸήσκει
698 1819 764 1875 τὰ
813 1821 949 1876 κατὰ
987 1820 1119 1886 τοὺς
1166 1824 1408 1885 οἰκείους
1455 1819 1684 1889 καιροὺς
1725 1818 1863 1889 φύο-

170 1929 335 1979 μενα,
377 1906 498 1963 ἀλλ’
541 1906 608 1963 οὐ
648 1909 771 1978 περὶ
812 1910 872 1963 ἔν
911 1930 963 1963 τι
1003 1907 1149 1983 αὐτῷ
1190 1907 1485 1978 γινόμενα,
1524 1907 1648 1978 περὶ
1686 1899 1860 1962 πολλὰ
1888 1923 1930 1954 20

172 1996 233 2051 δὲ
272 1993 499 2066 ἀθρόως
535 1996 627 2050 καὶ
666 2000 915 2066 ποικίλα,
955 2001 985 2064 ἢ
1027 1997 1140 2052 ἐπεὶ
1175 1994 1515 2067 ἐμπεριόδως
1553 1993 1861 2065 άμαλδύνει

262 2179 329 2218 l.
370 2173 452 2217 καὶ
483 2169 604 2217 κατὰ
637 2169 720 2217 τὸν
751 2173 992 2229 γεννῶντα
1023 2169 1065 2216 α’
1093 2199 1147 2205 -
1181 2176 1221 2216 2.
1254 2171 1334 2215 καὶ
1367 2168 1514 2216 αὐτοῦ
1549 2167 1663 2221 Διὸς
1697 2171 1769 2216 Os.
1805 2196 1860 2203 —

171 2229 323 2288 σωτὴρ
356 2230 479 2276 εἶναι
509 2229 695 2288 λέγεται
730 2231 967 2277 Gerardus
1003 2230 1187 2276 Vossius
1219 2257 1275 2264 —
1316 2237 1355 2276 6.
1397 2227 1553 2274 αυτ-ὧν
1585 2229 1650 2287 N
1664 2229 1765 2286 LV
1804 2255 1860 2262 —

171 2340 210 2380 8.
245 2331 488 2405 διακάθαρ
492 2349 564 2379 σιν
600 2333 671 2378 Os.
698 2335 763 2379 ed.
805 2361 860 2367 —
894 2339 934 2379 9
967 2331 1292 2378 καθώπλισται
1322 2334 1368 2377 lc
1383 2305 1697 2401 ,καθωπλιστὲιι
1727 2331 1781 2374 Ν
1804 2356 1859 2364 -

172 2397 242 2439 10.
268 2390 330 2444 ὥς
352 2394 434 2449 τῆς
457 2390 603 2463 αυτῇς
627 2393 758 2452 ,211Ῐῆι
788 2391 892 2438 ἐπεὶ
914 2393 998 2448 τῆς
1024 2389 1170 2448 αὐτῆς
1190 2393 1236 2436 Ρ
1261 2388 1324 2443 ὡς
1347 2393 1429 2448 τῆς
1452 2388 1670 2462 τοιαύτης
1694 2391 1778 2435 lbc
1805 2416 1859 2421 —-

174 2457 242 2496 14.
276 2453 487 2496 δατείται
519 2467 549 2497 α
549 2449 627 2510 'V2
661 2453 815 2497 δεῖται
847 2454 945 2524 (δεῖ
972 2467 1021 2496 τε
1046 2451 1112 2509 Ν2
1125 2451 1210 2509 B2>
1236 2451 1323 2495 lbc
1354 2475 1408 2482 ——
1446 2456 1512 2495 15
1544 2465 1746 2520 υπαρχει
1779 2449 1861 2518 (-ει

168 2509 198 2554 i.
230 2510 262 2554 1.
297 2524 358 2555 er.
389 2508 595 2569 B)N2b'
633 2537 686 2543 —
722 2515 790 2555 17.
822 2508 971 2581 παρέχ
946 2484 1340 2568 χειΝζΒ-ΙΒ,
1375 2507 1566 2565 φόρημα
1598 2506 1709 2564 a'V2
1744 2503 1865 2563 φρό-

171 2584 312 2640 νημα
330 2570 414 2614 lbc
442 2595 502 2602 —
541 2574 610 2614 20.
643 2565 744 2614 ἄλλ’
781 2565 836 2614 οὗ
877 2570 984 2638 περὶ
1024 2585 1075 2613 εν
1107 2585 1151 2613 τι
1212 2568 1294 2612 καὶ
1332 2565 1389 2612 ἄλ
1429 2569 1515 2612 lac.
1555 2582 1662 2621 περι
1699 2568 1784 2611 lac.
1819 2565 1860 2609 G

171 2653 227 2660 —
251 2623 410 2673 αὐτῶν
433 2628 498 2700 Ν1
513 2629 557 2672 L
580 2624 728 2673 αὐτὸν
753 2642 777 2673 c
800 2654 855 2660 —
880 2624 1107 2684 Ιγινόμενα
1182 2627 1249 2683 N2
1273 2623 1511 2698 γενόμενα
1534 2625 1580 2668 Β
1611 2622 1859 2693 γινόμενον

173 2686 279 2731 lNc
310 2685 560 2743 γινομένου
591 2684 632 2731 α’
648 2686 704 2745 V,
739 2713 791 2719 —
834 2692 903 2731 21.
937 2685 1019 2730 καὶ
1049 2688 1236 2730 ποικίλα
1269 2683 1297 2740 ἢ
1323 2685 1459 2741 Lcmq
1490 2701 1531 2728 κ.
1564 2684 1750 2727 ποικίλα
1784 2676 1853 2738 [ἢ]

181 2745 293 2790 Par.
328 2750 443 2790 3052
476 2745 557 2789 καὶ
587 2747 812 2790 ποικίλλει
851 2746 1071 2802 (ποικίλει
1094 2745 1150 2788 Ν
1174 2744 1383 2794 ποικίλος
1415 2744 1478 2787 Μ
1505 2744 1711 2786 ποικιλία
1746 2742 1786 2795 c)
1823 2742 1859 2781 0

174 2806 254 2847 καὶ
285 2806 511 2848 ποικίλλει
542 2802 682 2848 πάλιν
707 2803 854 2849 Schm.
881 2829 935 2836 —
961 2808 1032 2848 21.
1067 2799 1170 2847 ἐπεὶ
1195 2819 1231 2847 ε.
1257 2798 1298 2846 α’
1317 2801 1372 2859 V2
1409 2799 1553 2859 [ἐπεὶ]
1583 2816 1618 2845 ε.
1642 2800 1747 2844 Nlo
1779 2798 1858 2841 καὶ

1531 2874 1592 2915 4*
