1998 3088
837 147 1172 190 EIHAPOMH.
1776 149 1845 202 37

161 266 449 336 διαφέρειν
498 262 760 319 ἁπάντων
814 265 906 319 καὶ
959 268 1346 334 περιγίνεσθαι
1404 263 1433 320 ὁ
1482 265 1633 330 Ζεύς.
1716 287 1848 338 προ-

157 353 297 424 τομὴ
339 350 390 407 δ’
434 354 495 408 ἐν
535 350 674 424 αὐτῇ
715 351 999 423 Γοργόνος
1038 354 1151 407 ε’στι
1190 352 1326 408 κατὰ
1372 354 1541 423 μέσον
1579 356 1676 424 τῆς
1713 360 1849 419 θεᾶς

158 439 220 496 τὸ
261 443 469 511 στῆθος
509 440 609 505 ἔξω
660 444 1073 511 προβεβληκυῖα
1119 439 1222 511 τὴν
1261 443 1508 511 γλῶτταν
1563 438 1719 496 ώσὰν
1765 444 1847 496 έκ-

143 527 510 600 ·φανεστάτου
552 526 715 593 ὄντος
755 530 815 584 ἐν
854 531 920 600 τῇ
960 532 1072 583 τῶν
1105 526 1253 584 ἷ’λων
1287 533 1578 603 οἰκονομίᾳ
1616 532 1717 584 τοῦ
1757 529 1848 584 λό-

157 639 276 688 γου.
341 619 399 672 οἰ
427 616 489 672 δὲ
522 615 822 689 δράκοντες
852 616 944 671 καὶ
976 613 1215 687 ἡ-γλαὺξ
1255 615 1348 672 διὰ
1386 617 1448 673 τὸ
1477 617 1706 688 ἐμφερὲς
1736 621 1849 673 τών
1872 635 1894 668 5

158 704 419 777 ὀμμάτων
467 706 826 760 ἀνατίθενται
872 704 1043 777 ταύτῃ
1090 705 1432 775 γλαυκώπιδι
1480 703 1641 778 οὔσῃ·
1690 722 1849 776 σμερ-

158 794 360 849 δαλέον
400 792 505 864 γὰρ
546 791 576 849 ὁ
619 792 841 863 δράκων
883 794 1112 864 δέδορκε
1150 793 1242 848 καὶ
1282 793 1624 864 φυλακτικόν
1656 816 1707 848 τι
1741 798 1850 865 ἔχει

157 881 250 936 καὶ
295 880 585 954 ἄγρυπνον
624 882 716 936 καὶ
766 880 868 936 οὐκ
919 879 1232 953 εὐθήρατος
1277 880 1421 936 εἶναι
1473 885 1629 936 δοκεῖ
1678 886 1711 950 [·
1761 880 1850 937 (οὐ

156 969 288 1042 χρὴ’
338 969 400 1025 δὲ
440 969 772 1041 “παννύχιον
819 967 1006 1025 εὕδειν
1051 969 1415 1041 βουληφόρον
1456 969 1696 1042 ἅνδραἼ.
1765 971 1851 1024 λέ-

158 1079 309 1128 γεται
350 1056 402 1112 δ’
442 1057 752 1129 Ἀτρυτώνη
797 1058 901 1129 μὲν
940 1056 1144 1114 ὡσανεὶ
1193 1057 1262 1114 οὐ
1299 1059 1575 1131 τρυομένη
1618 1056 1713 1114 ὑπ’
1759 1056 1847 1113 οὐ·
1875 1075 1916 1107 10

166 1145 327 1211 δενὸς
363 1146 546 1202 πόνου
584 1144 618 1218 ἢ
653 1144 727 1213 ὡς
764 1145 1007 1217 άτρύτου
1038 1150 1139 1202 τοῦ
1171 1148 1399 1217 αἰθέρος
1431 1146 1615 1217 ὄντος,
1663 1152 1852 1218 Τριτο-

158 1235 344 1305 γένεια
384 1235 470 1304 δέ,
518 1232 603 1290 ὅτι
642 1232 675 1305 ἡ
723 1245 840 1299 τοῖς
876 1246 1064 1299 κακοῖς
1104 1237 1420 1305 ἐγγεννώσα
1460 1234 1520 1290 τὸ
1560 1246 1713 1306 τρεῖν
1758 1235 1851 1289 καὶ

158 1323 377 1394 τρέμειν
425 1320 563 1393 αὕτη
612 1324 763 1378 ἐστίν
799 1355 862 1363 —
913 1315 1073 1394 ἦρται
1120 1322 1226 1393 γὰρ
1273 1322 1518 1394 πόλεμον
1563 1322 1703 1394 πρὸς
1748 1322 1850 1393 τὴν

157 1415 356 1466 κακίαν
394 1444 480 1480 —‚
520 1408 681 1466 ἄλλοι
721 1411 788 1466 δέ
822 1428 960 1481 φασι
1002 1410 1094 1466 διὰ
1126 1411 1330 1467 τούτου
1368 1416 1745 1482 παρίστασθαι
1785 1410 1850 1467 τὰ

158 1504 284 1569 τρία
322 1501 455 1570 γένη
495 1502 607 1554 τῶν
648 1499 974 1570 σκεμμάτων
997 1503 1108 1570 ,τῆς
1146 1499 1283 1555 κατὰ
1323 1504 1670 1570 φιλοσοφίαν
1708 1508 1850 1555 θεω-
1875 1516 1917 1548 15

159 1593 307 1659 ρίας,
354 1588 810 1660 πανουργοτέραν
849 1587 1161 1658 διόρθωσιν
1210 1585 1244 1658 ἢ
1292 1587 1429 1643 κατὰ
1470 1588 1573 1659 τὴν
1613 1586 1850 1659 ἀρχαίαν

158 1674 516 1747 ὁλοσχέρειαν
565 1680 788 1746 ἔχοντος
832 1674 1050 1731 τούτου.
1124 1674 1404 1731 λαοσσόον
1443 1675 1505 1730 δὲ
1544 1675 1720 1747 αὐτὴν
1761 1680 1850 1733 έπ-

161 1763 495 1835 ονομάζουσι
537 1763 630 1818 διὰ
676 1763 738 1819 τὸ
783 1763 967 1819 σεύειν
1008 1766 1070 1819 ἐν
1115 1775 1234 1829 ταῖς
1271 1762 1472 1834 μάχαις
1513 1763 1644 1830 τοὺς
1682 1766 1852 1831 λαούς

158 1857 197 1922 [‚
238 1849 312 1917 ὡς
359 1842 533 1922 ληῖτις
572 1852 782 1923 ἐκλήθη
821 1850 931 1907 άπὸ
970 1856 1067 1922 τῆς
1104 1857 1293 1922 λείας,]
1333 1849 1367 1923 ἢ
1400 1856 1613 1923 μᾶλλον
1654 1853 1746 1907 διὰ
1786 1853 1849 1909 τὸ

158 1940 430 2011 σώτειραν
469 1937 648 2011 αὐτὴν
687 1944 801 1996 τῶν
839 1942 1143 2011 χρωμένων
1182 1939 1319 2012 αὐτῇ
1360 1943 1513 1995 λαῶν
1552 1938 1717 1995 εἶναι·
1756 1942 1847 1995 καὶ
1871 1956 1917 1987 20

157 2028 370 2093 πόλεως
400 2027 507 2098 γὰρ
547 2030 639 2083 καὶ
680 2035 838 2084 οἴκου
876 2029 968 2083 καὶ
1005 2032 1105 2084 τοῦ
1145 2032 1274 2098 βίου
1304 2027 1511 2093 παντὸς
1547 2029 1849 2100 προστάτιν

157 2118 418 2187 ποιητέον
448 2116 550 2187 τὴν
579 2116 883 2188 φρόνησιν·
923 2114 1022 2187 ἀφ’
1053 2109 1122 2171 οὗ
1154 2115 1222 2187 δὴ
1255 2116 1346 2171 καὶ
1380 2118 1724 2186 ἐρυσίπτολις
1758 2117 1849 2171 καὶ

284 2284 320 2322 1.
356 2277 578 2350 διαφέρει
601 2273 649 2321 δ’
676 2274 901 2322 ἁπάντων
926 2278 1006 2321 καὶ
1029 2279 1317 2334 περιγίνεται
1341 2278 1408 2336 Ν,ἱ
1423 2274 1462 2322 b'
1480 2304 1538 2310 --
1570 2283 1610 2322 2.
1645 2275 1696 2322 ἐν
1722 2274 1848 2337 αὐτῷ

159 2336 262 2394 aN¹
292 2362 347 2368 —
380 2341 421 2383 3.
447 2342 487 2380 4.
524 2334 632 2394 [ἔξω
666 2363 721 2369 -
758 2333 809 2382 ἐν
841 2337 917 2395 τῇ]
944 2337 1062 2380 Ρ-
1097 2343 1137 2382 3.
1171 2338 1458 2408 προβεβληκζ,
1482 2337 1595 2380 VM
1621 2338 1850 2395 προβεβη-

158 2400 268 2439 κυῖα
310 2400 405 2440 cett.
450 2420 505 2427 —
545 2395 755 2452 γλῶσσαν
795 2396 876 2440 aG
914 2395 1096 2452 γλῶσαν
1135 2397 1181 2439 Β
1220 2421 1274 2427 ——
1322 2391 1383 2446 ὡς
1429 2390 1490 2439 ὂὶν
1527 2395 1661 2440 NGc
1703 2421 1757 2427 —
1807 2399 1847 2438 8.

159 2459 199 2499 9.
242 2450 298 2498 οὖ
338 2449 423 2511 χρὴ
458 2451 574 2526 γὰρ
580 2468 603 2499 c
641 2455 784 2526 (apud
816 2455 1076 2500 Eudociam
1113 2455 1256 2499 verba.
1290 2451 1346 2498 οὗ
1379 2452 1474 2524 χρὴ
1496 2480 1550 2486 -
1551 2451 1736 2525 ἄνδρα
1767 2454 1848 2497 ab·

158 2515 282 2568 sunt)
324 2538 378 2545 —
429 2518 496 2556 11.
545 2509 607 2563 ὥς
644 2510 849 2585 άτρύτου
893 2514 931 2557 O
968 2509 1097 2558 ωσάν
1138 2531 1181 2557 α.
1226 2513 1297 2558 Os.
1338 2515 1402 2558 ed.
1446 2509 1507 2563 ὡς
1545 2530 1605 2556 αν
1644 2508 1690 2556 ἄ.
1722 2512 1865 2558 Eud.

162 2597 216 2603 -—
260 2576 328 2617 13.
369 2565 506 2629 ἦρται
541 2573 634 2616 αΝ
660 2565 742 2629 ᾖρε
775 2573 843 2629 N2
856 2569 893 2617 b'
937 2569 1134 2629 ἤρηνται
1172 2573 1248 2617 vel
1279 2570 1449 2642 ἥρηται
1480 2586 1502 2616 c
1540 2598 1594 2604 —
1637 2576 1705 2616 15.
1745 2571 1847 2627 τῆς]

164 2630 255 2674 τῶν
280 2630 539 2676 martinius
562 2657 619 2663 —
650 2637 718 2676 16.
751 2604 1010 2688 διόρθωσιν
1035 2634 1065 2686 (-
1074 2647 1117 2675 σι
1144 2632 1205 2686 Ρ)
1224 2631 1315 2676 αΝ
1334 2628 1617 2686 διάρθρωσιν
1642 2630 1687 2673 Β
1718 2628 1847 2685 διάρ-

163 2705 344 2763 θρωσιν
369 2718 412 2762 G
443 2716 704 2775 διάρθωσιν
727 2719 797 2776 Ν2
832 2734 938 2764 cum
963 2720 1137 2775 glossa:
1172 2720 1536 2764 articulatimwm
1560 2744 1614 2750 —
1644 2722 1712 2761 18.
1745 2715 1849 2761 σού-

166 2792 237 2820 ειν
261 2791 284 2821 c
315 2774 442 2822 σόειν
470 2778 543 2822 Os.
568 2779 634 2823 ed.
661 2804 715 2810 —
751 2783 819 2822 19.
849 2775 996 2833 λήϊτις
1027 2778 1171 2834 (prius
1197 2795 1212 2821 ι
1236 2778 1338 2821 inl.
1365 2792 1425 2822 er.
1451 2777 1526 2832 N)
1544 2776 1646 2820 NG
1678 2776 1848 2831 ληιστὶς

164 2848 187 2879 c
218 2835 375 2892 ληΐτης
406 2835 452 2879 Β
481 2861 536 2871 --
571 2842 640 2882 21
675 2834 939 2891 προστάτην
971 2851 1032 2881 ac
