1998 3088
808 157 1141 202 ΕΠΙΔΡΟΜΗ.
1744 156 1810 209 17

119 280 255 338 ἴσως
292 270 326 343 ἡ
366 270 608 338 πολλοὺς
644 269 899 342 ὑμνοῦσα
946 272 1036 327 καὶ
1078 270 1182 327 ὅσα
1221 274 1345 344 περὶ
1391 277 1503 329 τῶν
1549 294 1811 345 προγενε-

121 361 331 431 στέρων
363 357 617 431 ὑμνεῖται
647 366 1021 433 παρειληφυῖα
1052 361 1142 414 καὶ
1181 364 1277 431 τῆς
1309 365 1366 415 ἔκ
1400 382 1455 416 τε
1486 361 1809 432 ποιημάτων

118 452 210 503 καὶ
248 450 363 504 τῶν
410 446 595 503 ἄλλων
636 447 1080 519 συγγραμμάτων
1121 451 1365 520 ἱστορίας
1396 449 1812 521 ἐπιμελουμένη.

122 533 376 608 Οὐρανία
400 537 468 591 δέ
496 536 646 591 ἐστιν
676 533 710 606 ἡ
743 536 865 607 περὶ
891 535 957 591 τὰ
994 534 1228 605 οὐράνια
1263 537 1353 590 καὶ
1386 535 1487 607 τὴν
1518 540 1630 592 τῶν
1662 535 1811 593 ὅλων

120 625 294 695 φύσιν
326 623 590 694 ἐπιστήμη
622 656 684 663 —-
718 622 818 678 τὸν
851 622 957 696 γὰρ
991 622 1127 679 ὅλον
1158 623 1371 694 κόσμον
1405 623 1652 695 οὐρανὸν
1692 625 1812 680 guo?-
1836 645 1857 677 ⁵

118 719 260 767 λουν
306 715 363 768 οἱ
400 715 632 767 παλαιοί
665 744 762 782 ——‚
799 711 1097 783 Καλλιόπη
1143 710 1204 766 δὲ
1246 710 1278 783 ἡ
1327 717 1676 783 καλλίφωνος
1721 716 1812 770 καὶ

120 797 413 871 καλλιεπὴς
444 797 727 877 ῥητορικὴ,
760 795 834 854 δι’
865 792 929 870 ἧς
957 799 1046 853 καὶ
1075 799 1460 855 πολιτεύονται
1492 803 1583 856 καὶ
1618 802 1815 874 δήμοις

123 880 586 959 προσφωνοῦσιν,ἶ
606 886 834 959 ἄγοντες
856 884 1060 953 αὐτοὺς
1083 895 1276 944 πειθοῖ
1296 889 1385 944 καὶ
1414 887 1480 944 οὐ
1507 894 1602 963 βίᾳ
1627 889 1713 961 ἐφ’
1728 889 1813 946 ὅτι

120 973 193 1032 ἂν
231 978 635 1047 προαιρῶνται,
676 974 750 1032 δι’
788 973 877 1084 ἣν,
900 979 1083 1031 αἰτίαν
1123 975 1331 1047 ταύτην
1372 976 1607 1047 μαλιστα
1646 995 1784 1048 φησι

418 1068 744 1135 βασιλεῦσιν
784 1062 877 1136 αμ’
921 1067 1223 1138 αἰδοίοισιν
1265 1064 1509 1136 ὀπηδεῖν.
1838 1084 1884 1115 1⁰

107 1151 489 1229 ἀποδίδονται
537 1152 598 1208 δε
644 1151 836 1218 αὐταῖς
882 1143 1109 1208 ποικίλα
1159 1175 1393 1224 οργανα,
1446 1153 1816 1224 ἐμφαίνοντος

123 1241 356 1298 ἑκάστου
395 1239 479 1297 οτι
519 1240 790 1314 ἥρμοσται
828 1242 919 1296 καὶ
956 1241 1260 1313 σύμφωνος
1299 1239 1466 1306 αὐτὸς
1510 1242 1683 1317 ἑαυτῷ
1724 1243 1815 1297 καὶ

124 1328 573 1400 ὁμολογούμενος
612 1327 640 1384 ὁ
674 1332 785 1384 τῶν
816 1326 1053 1400 ἀγαθῶν
1084 1333 1206 1400 βίος
1233 1331 1360 1386 ἐστί.
1401 1329 1725 1400 συγχορεύει
1760 1327 1813 1384 δ’

122 1415 315 1482 αὐταῖς
361 1414 389 1471 5
433 1415 715 1471 Ἀπόλλων
762 1415 856 1471 διὰ
900 1416 1002 1487 τήν
1047 1412 1486 1489 κοινωνίανπῆς
1526 1421 1816 1489 μουσικῆς·

123 1505 495 1575 παραδέδοται
543 1503 648 1575 γὰρ
703 1505 794 1559 καὶ
855 1498 1017 1570 οὗτος
1070 1504 1400 1577 κιθαριστὴς
1455 1503 1529 1560 δι’
1577 1502 1650 1576 ἣν
1696 1513 1816 1579 εἴσῃ
1842 1523 1885 1556 15

123 1590 239 1664 μετ’
281 1590 474 1663 ὀλίγον
520 1596 716 1648 αἰτίαν.
795 1594 857 1648 ἐν
904 1593 966 1648 δὲ
1010 1603 1126 1658 τοῖς
1173 1591 1333 1662 ὅρεσί
1365 1609 1502 1663 φασι
1542 1593 1815 1664 χορεύειν,

126 1679 314 1752 ἐπειδὴ
346 1685 538 1752 χρείαν
572 1685 758 1752 ἔχουσι
789 1684 890 1737 τοῦ
924 1680 1183 1751 μονάζειν
1215 1682 1306 1736 καὶ
1340 1683 1582 1752 συνεχῶς
1613 1684 1691 1747 εἰς
1713 1681 1817 1752 τὴν

125 1771 360 1841 ἐρημίαν
400 1766 713 1841 ἀναχωρεῖν
752 1772 812 1825 οί
846 1772 1321 1840 φιλομαθοῦντες,

408 1849 473 1926 ἧς
510 1857 678 1928 χωρὶς
717 1855 885 1912 οὐδὲν
925 1855 1131 1928 σεμνὸν
1170 1858 1532 1927 ἐξευρίσκεται

125 1944 261 2000 κατὰ
284 1944 386 2000 τὸν
412 1944 674 2015 κωμικόν.
698 1944 902 2001 τούτου
927 1943 978 2000 δ’
996 1947 1183 2000 ἕνεκεν
1205 1944 1296 1999 καὶ
1323 1944 1408 1999 ἐπὶ
1435 1945 1596 1999 ἐννέα
1617 1944 1819 2010 νύκτας
1840 1963 1885 1995 20

127 2034 339 2103 λέγεται
371 2031 780 2104 συγγενόμενος
811 2035 875 2106 τῇ
910 2031 1265 2104 Μνημοσύνῃ
1308 2029 1336 2087 ὁ
1373 2030 1512 2097 Ζεὺς
1550 2037 1819 2104 γεννῆσαι

248 2199 288 2238 1.
326 2190 562 2253 ὑμνοῦσα]
603 2190 780 2252 ὕμνους
810 2209 840 2239 a
876 2220 932 2226 —-
971 2194 1078 2248 περὶ
1108 2194 1201 2237 τῶν
1225 2193 1346 2237 aNc
1375 2191 1505 2250 παρὰ
1538 2210 1576 2238 τ.
1608 2194 1674 2266 Ν,
1689 2191 1727 2238 b'
1765 2221 1817 2227 —

128 2257 169 2296 2
204 2251 255 2297 ἔκ
287 2268 335 2297 τε
368 2254 460 2297 τῶν
493 2269 601 2310 ποιη
573 2270 650 2311 η.μ
679 2253 751 2299 Os.
781 2254 846 2298 ed.
873 2279 926 2285 —-
962 2258 1002 2297 3.
1038 2250 1347 2310 ἐπιμελομένη
1379 2252 1435 2295 Ν
1462 2278 1515 2284 -
1549 2257 1590 2297 8.
1622 2249 1821 2309 ἄγοντες

129 2307 343 2370 [αὐτοὺς]
377 2312 435 2356 bc
463 2338 512 2343 —
546 2317 587 2357 9.
619 2312 735 2368 φησὶ
767 2326 881 2357 corr.
912 2312 962 2356 in
994 2311 1111 2368 φασὶ
1136 2310 1220 2383 (Νξ
1254 2310 1440 2354 rubram
1473 2311 1660 2368 insuper
1691 2311 1819 2356 litte-

128 2382 228 2414 ram
262 2387 291 2414 α
324 2371 666 2442 superscripsit)
698 2371 754 2415 N
779 2373 902 2427 φασί
929 2386 957 2415 α
991 2397 1045 2403 -
1091 2375 1157 2416 11.
1190 2342 1500 2414 αποδίδονται
1530 2370 1665 2426 Lany
1700 2366 1819 2414 ἀπο-

129 2426 321 2473 δέδοται
344 2442 368 2474 e
391 2425 700 2474 ἄναδίδονται
724 2432 758 2486 (-
765 2446 869 2474 οται
889 2431 960 2485 Χ)
980 2444 1008 2474 α
1033 2455 1089 2463 —-
1115 2426 1325 2502 ὄργανα]
1347 2426 1459 2501 ἔργα
1484 2442 1507 2473 c
1532 2454 1585 2461 ·—
1615 2434 1683 2473 12
1711 2425 1819 2473 ἔαυ-

130 2487 193 2546 τῷ
226 2502 256 2532 a
287 2484 414 2547 αὑτῷ
439 2489 485 2531 Β
518 2485 644 2549 αὐτῷ
678 2494 772 2534 cett.
809 2515 862 2521 —
899 2493 966 2533 14.
1001 2484 1024 2532 5
1058 2484 1160 2546 ἀπ]
1192 2487 1272 2532 καὶ
1306 2484 1330 2531 5
1364 2484 1579 2531 απόλλων
1605 2501 1628 2531 c
1660 2513 1715 2520 —-
1751 2493 1818 2531 15.

130 2532 460 2617 παραδέδοται
483 2561 507 2591 c
536 2536 851 2604 παραδίδοται
882 2545 1223 2604 (παραδέδοται
1255 2547 1511 2602 scripturus
1542 2546 1632 2590 fuit
1673 2546 1734 2601 V)
1754 2547 1817 2590 ab

134 2629 187 2636 -—
231 2610 298 2651 17.
338 2601 582 2676 μοναζειν]
622 2605 960 2677 μεμονωμένως
992 2621 1016 2650 c
1055 2633 1107 2638 —
1154 2609 1219 2650 18.
1262 2606 1634 2660 φιλοσοφοῦντες
1666 2605 1723 2649 bc
1763 2629 1818 2636 -—

134 2667 201 2706 19.
235 2661 407 2719 σεμνὸν
439 2660 583 2709 οὐδὲν
615 2681 644 2709 a
678 2691 730 2697 —
766 2662 1032 2734 εὑρίσκεται
1063 2666 1122 2709 bc
1155 2689 1208 2696 -
1242 2669 1313 2709 20.
1355 2660 1433 2707 ἐπὶ
1474 2659 1615 2707 ἐννέα
1646 2659 1819 2712 νύκτας

133 2721 272 2779 α.[ε]
308 2737 344 2767 ε.
373 2739 413 2767 ν.
447 2724 472 2767 b
499 2723 579 2782 [ε.]
615 2720 755 2768 ἐννέα
782 2724 865 2782 [ν.]
893 2738 915 2767 c
931 2720 1139 2793 (νύκτας
1170 2724 1277 2780 post
1306 2720 1398 2778 λέγ.
1434 2722 1566 2766 addit
1589 2721 1818 2774 Eudoeia)

134 2786 291 2824 -21,
325 2795 453 2852 συγγ.
485 2799 523 2826 τ.
556 2799 629 2839 μν.
662 2779 756 2836 ὃζ.
790 2797 888 2826 ασ.
924 2778 1086 2835 ὁζ.τ.
1120 2782 1404 2838 μνΗόσυγγ
1438 2776 1817 2837 γαρὸζητμν

144 2834 252 2881 W‘
233 2855 257 2882 ο
293 2837 397 2892 ζεῦς
428 2855 559 2897 συγγ.
590 2858 626 2885 τ.
661 2858 735 2898 μν.
767 2841 891 2886 Eud

223 2918 679 2963 conuumus,ed.112ng.
1529 2915 1553 2952 2
