1998 3088
166 124 235 176 58
824 117 1193 165 KOPNO‘ITOT

167 238 245 296 ὢν
284 237 339 311 ἢ]
383 235 506 295 οἷον
547 238 811 303 διάνυσος
849 237 995 310 παρὰ
1037 236 1097 292 τὸ
1140 240 1378 291 διαίνειν
1417 233 1558 307 ἡμᾶς
1596 233 1773 306 ἡδέως
1810 232 1844 305 ἢ

166 326 368 383 ὡσανεὶ
402 326 662 391 διαλυσος
692 327 1046 397 κεκλημένος,
1085 323 1182 395 ἀφ’
1212 317 1278 396 ἧς
1316 324 1489 396 ἀρχῆς
1525 324 1617 379 καὶ
1649 323 1847 379 λύσιον

166 413 337 471 αὐτὸν
371 417 462 470 καὶ
502 422 698 470 λυαῖον
738 414 1106 485 ἐπωνόμασαν
1139 413 1369 482 [λύοντα
1400 412 1498 477 τὰς
1536 416 1847 484 μερίμνας]·

166 503 310 568 τινὲς
349 505 415 559 δέ
449 521 622 573 φασιν
661 501 767 558 ἀπὸ
799 507 899 558 τοῦ
930 501 1031 557 τὸν
1065 506 1178 556 Δία
1209 502 1332 572 περὶ
1364 500 1425 556 τὸ
1461 500 1684 556 Νύσιον
1718 499 1849 570 ὅρος

123 595 340 661 ῦφῆναι
379 595 600 661 πρῶτον
646 589 747 660 τὴν
796 589 1043 660 ἄμπελον
1090 589 1535 660 παρεληλυθέναι
1582 590 1745 643 τοῦτο
1785 586 1846 642 τὸ

166 677 344 748 ὄνομα
383 682 460 742 εἰς
496 677 599 748 τὴν
640 677 964 748 συνήθειαν.
1041 678 1253 746 λέγεται
1301 676 1362 731 δὲ
1410 675 1502 730 διὰ
1548 674 1722 746 πυρὸς
1759 681 1850 730 λο-

166 770 462 836 χευθῆναι,
516 766 598 834 [τό
646 765 864 838 θερμὸν
909 764 1082 821 αὐτοῦ
1128 766 1218 819 καὶ
1268 763 1584 835 πυρωτικόν
1632 766 1744 818 τῶν
1794 783 1851 817 τε

167 854 436 924 σωμάτων
475 855 566 909 καὶ
605 857 715 909 τῶν
763 857 956 924 ψυχῶν
995 853 1362 926 παριστάντος
1405 855 1505 908 τοῦ
1551 853 1740 923 μυθοῦ
1784 883 1845 890 -

167 942 343 1006 ὅντως
388 940 492 1011 γὰρ
542 940 697 1006 οἶνός
741 964 792 996 τι
839 943 972 1012 πυρὶ
1019 949 1144 997 ἴσον
1183 942 1347 1012 μένος
1393 945 1500 1011 ἔχει
1547 938 1682 995 κατὰ
1720 937 1852 1002 τοὺς

103 1047 144 1078 10
166 1028 395 1100 ποιητὰς
440 1034 558 1098 -,]
609 1031 910 1101 ε’ρραφθεὶς
957 1028 1007 1084 δ’
1062 1033 1137 1094 εἰς
1186 1028 1287 1084 τὸν
1333 1027 1512 1100 μηρὸν
1562 1031 1662 1082 τοῦ
1712 1024 1852 1090 Διὸς

169 1119 280 1172 ἐκεῖ
315 1121 794 1188 τελεσφορηθῆναι
837 1116 951 1187 [διὰ
991 1116 1052 1173 τὸ
1085 1122 1454 1172 πεπαίνεσθαι
1485 1117 1576 1171 καὶ
1614 1117 1852 1171 τελειοῦ-

167 1212 301 1259 σθαι
340 1203 441 1260 τὸν
473 1204 656 1275 οἶνον,
695 1210 733 1278 †
765 1209 815 1260 εἰ
851 1204 955 1277 γὰρ
989 1204 1061 1276 μὴ
1093 1205 1377 1276 πεφυκότα
1411 1215 1675 1276 γενναῖον
1717 1202 1851 1258 ἀπο-

166 1294 479 1364 τιθέμενον,
511 1291 673 1364 ἄτελῆ
702 1291 752 1347 δ’
782 1291 854 1358 ὡς
880 1292 1018 1364 πρὸς
1047 1292 1150 1364 τὴν
1182 1296 1381 1363 χρῆσιν
1405 1292 1851 1363 συγκομισθέντα

165 1380 345 1449 τάδε],
391 1380 506 1435 ἐπεὶ
551 1380 738 1452 πρώτη
779 1381 881 1451 μὲν
921 1379 1094 1436 αὐτοῦ
1141 1382 1401 1451 γέννησίς
1447 1382 1596 1435 ἐστιν
1639 1378 1672 1450 ἡ
1713 1378 1849 1435 κατὰ

103 1483 144 1515 15
167 1470 438 1524 πέπανσιν
470 1473 566 1538 τῆς
598 1466 836 1540 ὀπώρας,
867 1467 984 1539 ἥτις
1015 1473 1226 1538 γίνεται
1258 1467 1554 1539 καυμάτων
1587 1465 1853 1539 ἀκμαζόν-

166 1578 302 1625 των,
351 1557 580 1627 δευτέρα
628 1554 755 1626 δἠ
736 1553 749 1574 ‘
803 1555 938 1611 κατὰ
985 1555 1086 1627 τὴν
1132 1548 1396 1627 πάτησιν,
1447 1557 1852 1627 ἐκθλιβομένου

167 1703 310 1771 &vom
345 1701 409 1756 Ρ)
449 1696 512 1745 ὢν
552 1699 580 1759 ἢ
620 1701 720 1748 οἷον
759 1718 789 1748 α
823 1699 946 1761 [ἤτοι
986 1703 1124 1773 διον]
1167 1699 1233 1747 ὢν
1273 1698 1299 1756 ἢ
1343 1702 1442 1746 οἷον
1477 1704 1533 1747 Ν
1564 1700 1667 1760 ἤτοι
1712 1703 1851 1760 [διον.

168 1777 231 1802 ων
262 1775 290 1815 η
325 1757 443 1815 οἷον]
471 1757 507 1805 b'
527 1787 582 1794 -
611 1767 648 1806 1.
675 1759 896 1812 διανυσος
928 1758 967 1806 b'
993 1759 1214 1817 ὃιάνησος
1239 1762 1331 1806 αΝ
1350 1758 1571 1812 διανυσός
1603 1763 1740 1818 (διον.
1768 1763 1850 1817 W)

165 1841 234 1875 τις
271 1839 295 1870 e
333 1851 389 1859 .-
428 1823 649 1878 διαίνειν]
691 1819 906 1865 διανύειν
946 1834 1046 1865 cum
1077 1821 1416 1865 Hemsterhusio
1456 1822 1632 1866 Mehler
1671 1822 1733 1877 (p.
1770 1825 1851 1866 135

167 1886 236 1928 ed.
269 1885 453 1929 Heracl.
484 1880 575 1925 All.
604 1881 761 1950 Hom)
804 1906 859 1912 —
902 1886 940 1924 1.
975 1886 1015 1924 2.
1051 1875 1202 1936 ἡδέως
1239 1874 1268 1936 ἢ
1309 1876 1482 1924 ὡσανεὶ
1514 1881 1596 1925 lbc
1633 1878 1784 1950 ἡδέως
1805 1875 1851 1950 ἢ

166 1959 293 2000 παρα
332 1939 384 1987 τὸ
418 1939 503 1999 τὴν
537 1935 754 1984 διανοιαν
795 1936 1046 1996 ἐπομβρεῖν
1078 1937 1157 1982 καὶ
1191 1936 1500 1998 καταβρέχειν
1533 1935 1737 1995 ἐσχηκὼς
1764 1934 1851 1994 τὴν

166 2041 479 2095 προσηγορίαν
510 2033 605 2082 απὸ
640 2036 722 2091 τῆς
745 2050 893 2085 υσεως
923 2030 952 2103 ᾗ
986 2030 1157 2078 ὡσανεὶ
1188 2049 1217 2078 a
1220 2032 1294 2092 '2V
1325 2059 1379 2066 —
1420 2039 1460 2078 2.
1493 2030 1656 2106 ἀρχῆς]
1692 2027 1853 2093 &Na

262 2096 420 2140 λύσιον
455 2097 501 2139 Ρ
528 2092 712 2139 λύσειον
740 2093 869 2151 ΜῩ,
905 2088 1098 2136 οἳλύσιον
1123 2093 1207 2136 lbc
1232 2119 1285 2124 —
1321 2098 1359 2136 3.
1393 2093 1581 2150 λυαΐον]
1612 2090 1784 2139 αναῑον
1810 2095 1853 2139 G·

168 2180 223 2187 —
264 2151 326 2205 ὡς
357 2153 528 2198 λύοντα
567 2169 602 2197 τ.
638 2169 681 2207 μ.
713 2153 780 2208 Ν,
792 2152 837 2194 Β
871 2177 923 2183 -
957 2156 997 2195 4.
1034 2147 1136 2206 [τὸν
1169 2151 1266 2207 δία]
1305 2151 1349 2193 Ρ
1381 2177 1434 2182 -
1465 2152 1571 2205 περὶ
1603 2149 1655 2195 τὸ
1687 2150 1850 2197 νύσιον

167 2214 233 2270 Ν,
249 2210 286 2257 b'
320 2210 595 2266 πτερνύσιον
620 2211 676 2253 Ν
701 2210 964 2265 πτερνίσιον
996 2210 1012 2252 l
1023 2209 1083 2251 M
1104 2208 1210 2263 περὶ
1241 2208 1324 2252 τὸν
1348 2211 1613 2281 πτερνίσιον
1639 2211 1685 2253 Ρ
1707 2210 1774 2262 εἰς
1798 2209 1850 2256 τὸ

169 2274 315 2315 σι’τιον
347 2268 521 2327 (σύτιον
555 2269 676 2325 W)c
709 2294 762 2300 -—
797 2274 835 2311 5.
876 2268 1026 2323 φῦναι
1066 2269 1124 2311 be
1163 2292 1218 2299 -
1261 2273 1298 2311 7.
1339 2265 1487 2311 αυτὸν
1524 2269 1632 2339 LV1
1647 2270 1702 2313 N
1735 2266 1852 2315 αυτὸ

168 2331 233 2387 Ν,
250 2327 287 2374 b'
331 2354 384 2361 -—
428 2334 467 2373 7.
501 2332 541 2373 8.
581 2328 672 2371 τῶν
712 2343 759 2370 τε
802 2324 1025 2395 σωμάτων
1067 2326 1146 2369 καὶ
1185 2326 1277 2369 τῶν
1317 2327 1481 2383 ψυχῶν
1515 2343 1544 2371 α
1545 2301 1632 2384 'V2
1667 2345 1703 2371 τ.
1740 2347 1777 2373 τ.
1812 2345 1850 2373 σ.

170 2389 231 2446 [n.
257 2405 294 2433 τ.
319 2387 392 2457 ψ]
427 2387 567 2430 ῑΝτ.
595 2385 685 2443 [τε]
714 2399 943 2455 σωματων
970 2387 1029 2441 [κ.
1061 2402 1098 2428 τ.
1123 2382 1366 2449 ψ.’]ὂο-
1403 2391 1470 2431 10.
1495 2383 1578 2430 τὸν
1603 2384 1852 2438 διόςΡ-

173 2452 240 2492 11.
271 2442 368 2503 [διὰ
401 2441 453 2488 τὸ
489 2471 541 2477 -
579 2449 645 2488 14.
670 2440 806 2500 τάδε]
840 2443 985 2489 Schm.
1019 2470 1073 2475 —
1114 2449 1181 2488 12.
1223 2442 1371 2514 οἶνον]
1406 2461 1442 2488 ο.
1476 2450 1573 2496 τοίς
1592 2452 1766 2517 μηροῖς
1799 2443 1852 2491 ἐκ

170 2505 394 2558 δευτέρου
425 2517 448 2547 c
478 2503 623 2547 Schm.
658 2528 711 2534 —
751 2501 795 2546 εἰ
822 2498 910 2558 γὰρ
944 2499 1004 2558 μὴ
1039 2499 1190 2559 (εἰμὴ
1223 2519 1313 2559 γαρ
1349 2504 1430 2559 Μ)
1455 2504 1546 2548 αΝ
1575 2521 1635 2555 ως
1667 2502 1755 2560 γὰρ
1788 2502 1849 2562 μὴ

170 2562 236 2632 Ν
250 2562 295 2604 Β
329 2562 470 2605 Schm.
505 2561 585 2604 καὶ
617 2558 705 2617 γὰρ
741 2558 801 2617 μὴ
837 2561 878 2605 G
917 2586 970 2593 —
1011 2562 1247 2619 γενναῖον]
1288 2561 1465 2606 τέλειον
1497 2562 1641 2606 Schm.
1683 2589 1737 2595 —-
1782 2569 1849 2608 14.

168 2595 280 2664 ταδε
318 2620 409 2664 αΝ
441 2617 580 2675 τήνδε
614 2621 680 2676 Ν,
693 2618 731 2663 b'
773 2618 953 2689 [τήνδε]
989 2620 1133 2664 Schm.
1169 2645 1226 2652 —-
1268 2625 1542 2666 12.13.14.
1584 2621 1630 2665 εἰ
1665 2637 1753 2677 γαρ
1795 2647 1852 2654 -

169 2677 304 2747 τάδε]
343 2678 607 2728 πεπανθεὶς
647 2675 734 2734 γὰρ
777 2675 1004 2734 πρότερον
1051 2674 1124 2722 ὅτι
1162 2675 1327 2735 ἀτελής
1372 2676 1468 2723 ἐστι
1513 2677 1628 2735 πρὸς
1674 2682 1849 2750 χρῆσιν,

169 2751 364 2839 υστερλρῆ
403 2736 454 2780 δε
495 2736 725 2792 πατηθεὶς
767 2742 863 2787 τοῖς
900 2737 1006 2781 ποσὶ
1046 2735 1220 2789 τέλειος
1259 2739 1436 2793 ’γίνεται
1479 2751 1502 2782 c
1546 2763 1599 2770 —
1647 2743 1714 2782 14.
1765 2735 1850 2782 αὖ·

169 2812 262 2839 των
374 2809 396 2839 c
