1998 3088
824 142 1154 186 EHIAPOMH.
1758 145 1825 197 31

140 261 363 326 κίνησιν
410 258 703 327 ἐμφαίνειν
754 258 844 312 καὶ
898 261 1213 328 βαθυδίνης
1265 262 1338 333 τῷ
1392 261 1613 329 βαθέως
1663 264 1829 316 δινεῖ-

144 349 324 414 σθαι]·
371 343 559 415 Τηθὺς
597 345 677 414 δέ,
716 343 849 400 καθ’
884 341 956 416 ἢν
997 346 1082 401 ἐπὶ
1123 350 1249 416 μιᾶς
1287 347 1668 413 καταστάσεως
1706 371 1829 419 χρο-

143 437 290 500 νίζει.
368 438 500 488 Θεία
548 434 613 488 δέ
656 435 807 489 ἐστιν
853 431 886 504 ἡ
933 437 1030 503 τῆς
1076 433 1254 500 ὅψεως
1306 438 1475 504 αἰτία,
1520 434 1643 491 Ῥέα
1688 438 1749 492 δὲ
1795 436 1828 507 ἡ

141 525 238 592 τῆς
276 521 512 591 ῥύσεως,
556 526 735 592 Φοίβη
777 522 838 576 δὲ
869 519 902 591 ἡ
942 525 1042 577 τοῦ
1073 522 1297 590 καθαρά
1329 545 1454 579 τινα
1485 524 1577 578 καὶ
1609 525 1828 595 λαμπρὰ

143 607 311 678 εἶναι,
366 611 800 680 συνεκδέχεσθαι
846 609 1063 674 τούτοις
1108 611 1200 665 καὶ
1250 609 1346 675 τὰς
1395 614 1506 666 τῶν
1559 613 1829 668 ἐναντίων

143 699 382 769 σχέσεων
414 701 590 763 αἰτίας
623 699 869 764 δέοντος·
910 699 1268 769 Μνημοσύνη
1304 700 1365 754 δὲ
1398 698 1430 770 ἡ
1462 703 1563 756 τοῦ
1588 717 1829 755 συνανα-

141 787 333 858 φέρειν
372 785 438 840 τὰ
475 785 764 856 γεγονότα·
822 787 987 857 Θέμις
1037 785 1098 842 δὲ
1144 784 1177 857 ἡ
1226 790 1326 842 τοῦ
1368 791 1745 843 συντίθεσθαί
1778 810 1830 843 τι

139 873 340 945 μεταξὺ
371 872 532 946 ἡμῶν
562 875 654 930 καὶ
688 874 1090 946 φυλάττεσθαι·
1124 874 1349 946 Κρόνος
1375 875 1440 930 δέ
1461 876 1610 931 ἐστιν
1643 873 1672 931 ὁ
1698 896 1831 946 προ-

141 963 428 1035 ειρημένος
472 962 698 1018 πάντων
744 966 857 1018 τῶν
904 961 1363 1034 ἀποτελεσμάτων
1412 962 1608 1034 λόγος,
1651 963 1830 1018 δεινό-

139 1073 300 1116 τατος
339 1047 419 1106 ὢν
458 1053 570 1105 τῶν
608 1053 850 1106 παίδων·
903 1048 1212 1107 ὁπλότατον
1254 1049 1308 1105 δ’
1353 1049 1526 1107 αὐτὸν
1566 1052 1830 1122 γενέσθαι

141 1143 245 1210 ἔφη
288 1137 379 1193 διὰ
417 1137 480 1194 τὸ
520 1139 612 1194 καὶ
651 1137 784 1209 μετὰ
822 1138 927 1210 τὴν
967 1143 1079 1195 τῶν
1120 1141 1429 1211 εἰρημένων
1467 1141 1686 1210 γένεσιν
1719 1140 1830 1194 ε’πι-

138 1228 326 1297 μένειν
381 1225 553 1282 αὐτὸν
602 1225 755 1282 ὦσαν
802 1228 862 1282 ἐν
914 1229 1124 1297 γενέσει
1180 1226 1327 1283 ὄντα.
1404 1226 1543 1282 ἄλλα
1589 1233 1686 1297 τῆς
1728 1227 1829 1298 μὲν

131 1313 398 1371 Ἡσιόδου
449 1318 876 1386 <γενεαλογίας>
928 1316 1234 1387 τελειοτέρα
1281 1313 1401 1371 ποτ’
1454 1311 1526 1370 ἂν
1577 1315 1831 1386 έξήγησίς

141 1421 229 1459 σοι
263 1404 507 1473 γένοιτο,
546 1401 612 1458 τὰ
643 1403 746 1473 μέν
777 1425 928 1473 τινα,
970 1401 1044 1468 ὡς
1076 1401 1256 1474 οἶμαι,
1295 1402 1443 1475 παρὰ
1471 1407 1583 1459 τῶν
1609 1402 1830 1474 ἀρχαιο-

138 1486 313 1554 τέρων
361 1481 534 1538 αὐτοῦ
583 1483 1014 1555 παρειληφότος,
1063 1483 1129 1538 τὰ
1182 1483 1244 1539 δὲ
1289 1483 1676 1554 μυθικώτερον
1727 1482 1824 1554 ἀφ’

139 1570 312 1628 αὑτοῦ
351 1573 721 1641 προσθέντος,
762 1564 805 1646 ᾧ
845 1571 1029 1646 τρόπῳ
1067 1571 1158 1626 καὶ
1198 1577 1423 1627 πλεῖστα
1462 1574 1558 1641 τῆς
1595 1574 1830 1636 παλαιᾶς

140 1658 435 1724 θεολογίας
475 1651 779 1723 διεφθάρη
823 1656 932 1708 νῦν
974 1652 1036 1708 δὲ
1074 1651 1138 1707 τὰ
1179 1653 1491 1722 βεβοημένα
1528 1649 1676 1723 παρὰ
1714 1663 1830 1717 τοῖς

138 1739 413 1799 πλείστοις
453 1736 822 1790 ἐπισκεπτέον.

254 1843 294 1878 e.
333 1827 414 1879 18.
460 1824 939 1893 Παραδεδομένου
977 1826 1174 1877 τοίνυν
1206 1820 1431 1876 ἄνωθεν
1469 1819 1552 1875 ὅτι
1594 1818 1622 1876 ὁ
1656 1827 1830 1891 Προ-

140 1925 220 1973 μη
234 1901 392 1968 θευς
431 1907 663 1959 ἔπλασεν
705 1904 762 1958 ἐκ
801 1905 896 1973 τῆς
928 1906 1027 1973 γῆς
1057 1901 1118 1957 τὸ
1152 1906 1263 1957 τῶν
1297 1900 1618 1973 ἀνθρώπων
1650 1903 1828 1972 γένος,

140 2005 190 2048 in
222 2005 250 2048 l.
277 2020 337 2050 er.
365 2005 424 2061 G)
449 2023 485 2050 τ.
511 2023 552 2050 κ.
587 2007 807 2062 σχολαίαν
839 2003 878 2050 b'
904 2001 1091 2076 ἤρεμόν
1115 2004 1214 2062 (sed
1237 2005 1326 2049 hoc
1359 2005 1449 2048 nisi
1479 2004 1617 2049 fallor
1648 2018 1703 2049 ex
1729 2001 1828 2060 ἡνι-

143 2062 254 2120 όχον
281 2068 414 2135 corr.)
445 2081 491 2109 τε
527 2064 606 2109 καὶ
638 2060 976 2137 σζολαίανΝ
947 2060 1122 2135 ησυχόν
1146 2079 1192 2108 τε
1219 2063 1301 2107 καὶ
1324 2065 1545 2119 σχολαίαν
1562 2078 1585 2107 c
1608 2089 1663 2094 —
1680 2078 1736 2133 p.
1756 2068 1828 2118 30,

143 2127 212 2166 20.
247 2118 395 2168 αὐτοῦ
431 2123 588 2169 Osann
627 2139 776 2168 αυτου
815 2137 929 2168 corr.
962 2123 1011 2167 in
1045 2118 1193 2166 αὐτὸν
1231 2123 1385 2166 Paris.
1423 2127 1538 2166 3076
1581 2117 1727 2166 αὐτὸν
1763 2123 1829 2166 bc

138 2178 289 2252 αὐτὴν
322 2197 351 2226 α
383 2209 436 2215 —
471 2188 511 2227 2.
542 2180 704 2255 Τηθὺς
736 2181 789 2227 δε
825 2178 964 2253 [καθ’
992 2177 1051 2237 ἣν
1084 2207 1139 2213 -
1165 2187 1203 2226 4.
1240 2183 1385 2255 Φοίβη
1419 2180 1492 2239 δε]
1526 2182 1584 2225 bc
1621 2206 1674 2212 —
1706 2176 1825 2224 καθ’

138 2234 197 2294 ἣν
231 2240 454 2286 Villoison
492 2238 612 2286 καθ’
651 2237 705 2286 ὃν
745 2257 774 2286 α
813 2238 940 2286 καθὸ
976 2241 1048 2285 Os
1091 2267 1145 2273 —
1186 2246 1227 2284 4.
1270 2236 1445 2296 ῥύσεως
1474 2240 1531 2297 V2
1545 2241 1591 2283 P
1626 2237 1828 2296 ῤἐύσεως

141 2299 276 2343 XMl
298 2326 352 2332 —
385 2297 412 2357 ἡ
449 2300 572 2358 [τοῦ]
599 2304 709 2345 καθ.
738 2314 761 2344 c
794 2298 842 2358 [ἡ
847 2301 865 2359 ]
898 2300 960 2344 τῶ
993 2302 1106 2344 καθ.
1133 2301 1158 2344 b
1193 2325 1246 2332 —
1282 2304 1322 2343 5.
1351 2299 1430 2342 καὶ
1457 2298 1828 2370 συνεκδέχεσθαι

140 2354 275 2402 b'c—
296 2364 335 2403 6.
355 2357 555 2410 δεόντως
576 2359 686 2403 O—
707 2364 774 2404 10.
803 2358 1070 2430 [γενέσθαι]
1092 2358 1164 2403 Os.
1183 2359 1247 2403 ed.
1268 2384 1322 2390 -
1352 2363 1418 2401 12
1446 2354 1507 2408 ὡς
1530 2352 1590 2401 ἂν
1590 2354 1724 2429 ένγ.
1744 2372 1780 2399 ο.
1801 2357 1826 2400 b

139 2412 199 2466 ὡς
222 2411 281 2460 ἂν
305 2416 487 2473 γενέσει
512 2434 551 2462 ο.
575 2418 618 2461 L
643 2414 703 2469 ὡς
729 2416 831 2475 ἐνγ
836 2434 909 2465 .ο.
937 2433 966 2462 a
966 2415 1082 2461 'VX
1104 2414 1274 2462 ὡσανεὶ
1302 2413 1352 2460 ἕν
1377 2415 1560 2472 γενέσει
1585 2412 1700 2460 ὄντα
1724 2429 1748 2459 c
1771 2440 1826 2447 —

1857 1070 1898 1101 10

1854 1509 1896 1542 15

1853 1927 1897 1959 20

136 2475 217 2531 τῆς
239 2474 344 2534 μὲν]
365 2477 447 2521 τοῦ
465 2493 552 2534 μεν
569 2435 840 2549 Θοηῳῇἱιιεῖ
823 2503 875 2510 -
898 2482 965 2521 13.
984 2473 1204 2520 Ησιόδου
1213 2477 1522 2547 γενεαλογίας
1539 2475 1677 2531 Lany
1702 2470 1826 2544 ἡσιό-
1862 2523 1865 2526 .

138 2535 223 2577 ὃου
251 2534 421 2607 [γεν.]
411 2535 449 2579 0
466 2561 521 2568 -
517 2533 798 2607 τελειοτέρ’
809 2532 971 2591 ἅποχ”’
998 2536 1098 2592 (sic)
1120 2531 1226 2578 ποτ’
1246 2551 1307 2577 αν
1327 2535 1379 2577 X
1400 2534 1688 2605 τελειοτέρας
1711 2528 1824 2576 ποτ’

137 2609 196 2635 αν
213 2592 277 2651 N1
308 2610 343 2638 τ.
364 2590 530 2639 ουποτ’
550 2611 611 2638 αν
629 2591 667 2639 b'
670 2595 736 2652 Ν,
752 2594 986 2651 Gompfius
1010 2591 1318 2665 τελειότερον
1316 2588 1414 2637 τότ’
1427 2588 1520 2637 ἆνσ
1538 2619 1591 2625 —
1588 2590 1640 2663 ,ἡ
1645 2589 1824 2665 §572va-

138 2652 282 2701 σιςὺο
302 2678 349 2684 -
374 2658 441 2697 15.
462 2650 763 2709 μυθικωτερα
784 2654 855 2698 Os.
875 2655 939 2698 ed.
962 2679 1012 2685 -
1044 2657 1202 2696 15.16.
1230 2648 1318 2707 υφ’
1346 2647 1493 2695 αυτοῦ
1522 2653 1548 2696 b
1572 2647 1639 2695 άπ
1678 2665 1825 2694 αυτου

137 2724 167 2753 a
198 2706 281 2753 ὑπ’
316 2707 463 2756 αὐτοῦ
498 2725 521 2757 c
553 2737 607 2744 —
643 2717 711 2756 16.
751 2729 807 2756 τα
841 2715 1031 2756 πλεῖστα
1067 2712 1138 2756 Os.
1173 2712 1237 2755 ed.
1273 2735 1328 2742 -
1372 2715 1439 2754 17.
1478 2708 1824 2768 διαβεβοημένα

135 2770 195 2813 bc
218 2795 273 2800 —
313 2774 380 2814 18.
415 2767 764 2828 ἔπι[σκεπ]τεόν
795 2786 826 2815 a

255 2826 420 2872 XVIII.
454 2833 521 2872 20.
559 2826 609 2873 ἐκ
645 2829 726 2887 [τ.]
759 2830 843 2885 γῆς
875 2830 933 2873 bc
964 2854 1018 2861 —
1053 2825 1105 2872 ἐκ
1138 2846 1176 2885 y.
1211 2845 1246 2872 τ.
1280 2845 1317 2872 τ.
1353 2844 1395 2871 α.
1429 2844 1468 2883 γ.
1506 2825 1703 2870 ἔπλασεν
1735 2839 1758 2869 c
