1998 3088
182 140 254 191 22
841 124 1212 185 KOPNOTTOT

182 258 248 313 τὰ
287 257 422 314 κατὰ
462 257 560 314 τὸν
600 257 773 328 λόγον
813 257 1194 330 σημαινόμενα
1232 270 1350 324 ταῖς
1388 256 1604 329 ἀκοαῖς,
1643 257 1875 329 ἅγγελος

180 348 270 416 δέ,
319 347 433 402 ἐπεὶ
479 345 540 401 τὸ
588 346 842 418 βούλημα
889 350 1001 402 τῶν
1053 350 1204 402 θεῶν
1248 346 1596 418 γινώσκομεν
1649 349 1707 402 ἐκ
1756 349 1870 402 τῶν

180 436 567 506 ἐνδεδομένων
605 432 738 505 ἡμῖν
777 433 914 490 κατὰ
943 434 1043 491 τὸν
1075 435 1246 506 λόγον
1279 437 1529 491 ἐννοιῶν.
1580 437 1776 491 πέδιλα
1810 435 1873 490 δὲ

182 523 339 594 φέρει
386 522 632 594 πτερωτὰ
681 523 772 577 καὶ
822 522 895 578 δι’
946 521 1108 596 άέρος
1157 524 1380 594 φέρεται
1431 522 1745 594 συμφώνως
1793 525 1869 598 τῷ

137 610 373 676 ὅκαθώς
412 619 623 684 εἴρηται
669 610 736 666 τὰ
775 616 874 683 ἔπη
923 616 1244 685 πτερόεντα·
1297 612 1389 666 καὶ
1433 610 1540 683 γὰρ
1585 610 1687 682 τὴν
1729 605 1869 682 Ἶριν

116 1069 157 1100 10

111 2008 156 2040 20

181 699 501 770 ποδήνεμον
551 698 644 754 διὰ
688 704 854 755 τοῦτο
902 701 992 755 καὶ
1041 699 1352 756 ἀελλόποδα
1398 703 1666 755 καλοῦσιν
1711 697 1870 770 ἅγγε-

179 794 307 857 λον,
346 788 438 842 καὶ
477 786 585 844 άπὸ
626 792 727 848 τοῦ
765 788 1037 860 ὀνόματος
1081 789 1520 860 παρεισάγοντες.
1583 800 1868 860 ψυχοπομ-

179 873 288 930 πὸν
343 875 405 931 δὲ
461 875 561 932 τὸν
604 874 814 949 Ἑρμῆν
864 877 1184 948 ἐμύθευσαν
1238 876 1381 932 εἶναι
1440 877 1871 948 συμβάλλοντες,

180 961 314 1036 ὅπερ
347 967 498 1019 ἴδιον
527 963 702 1020 αὐτοῦ
729 967 867 1035 ἐστι,
906 963 967 1020 τὸ
1002 976 1375 1036 ψυχαγωγεῖν·
1417 964 1509 1019 διὰ
1532 968 1694 1020 τοῦτο
1722 970 1865 1037 γοῦν

180 1053 271 1108 καὶ
312 1052 527 1124 ῥάβδον
566 1051 711 1127 αὐτῷ
754 1054 1142 1125 ἐγχειρίζουσι,

556 1160 620 1229 τῇ
660 1154 708 1210 τ’
754 1153 981 1228 ἀνδρῶν
1023 1154 1238 1227 ὄμματα
1276 1157 1492 1226 θέλγει,

179 1258 246 1314 τὰ
285 1262 382 1330 τῆς
421 1263 673 1324 διανοίας
714 1258 999 1329 δηλονότι,

255 1355 336 1418 ὧν
376 1363 566 1435 ἐθέλῃ,
606 1360 736 1426 τοὺς
776 1360 827 1415 δ’
863 1355 993 1416 αὖτε
1031 1363 1124 1417 καὶ
1162 1360 1491 1427 ὑπνώοντας
1531 1363 1748 1431 ἐγείρει·

177 1465 270 1519 καὶ
308 1468 601 1536 παρορμᾶν
641 1464 747 1536 γὰρ
789 1466 994 1534 ῥαδίως
1030 1463 1159 1530 τοὺς
1190 1465 1558 1537 παρειμένους
1588 1466 1680 1519 καὶ
1711 1487 1870 1520 κατα-

135 1568 154 1600 5
180 1555 424 1610 στέλλειν
467 1552 599 1618 τοὺς
640 1554 1116 1625 παρωρμημένους
1159 1547 1399 1618 δυνατός
1446 1554 1608 1608 ἐστιν.
1687 1556 1871 1609 ἐντεῦ-

177 1649 284 1696 θεν
323 1639 431 1711 ἥδη
472 1640 563 1694 καὶ
601 1639 733 1705 τοὺς
769 1637 1023 1710 ὀνείρους
1059 1642 1381 1711 ἐπιπέμπειν
1417 1643 1570 1707 ἔδοξε
1604 1642 1695 1696 καὶ
1733 1641 1870 1713 μάν-

177 1751 259 1794 τις
298 1728 440 1784 εἶναι
482 1727 598 1798 [διὰ
640 1731 741 1784 τοῦ
786 1728 1046 1798 τρόπου],
1094 1729 1311 1801 τρέπων
1356 1727 1431 1793 ὡς
1468 1729 1726 1799 βούλεται
1774 1729 1873 1795 τὰς

178 1821 510 1887 φαντασίας·
566 1818 744 1871 ςθεῶν
800 1815 851 1871 δ’
894 1815 1116 1887 ἄγγελοι
1162 1817 1254 1871 καὶ
1302 1819 1359 1871 οἷ
1396 1816 1641 1889 ὅνειροι.’
1719 1821 1777 1874 οἱ
1815 1816 1867 1872 δ’

179 1905 629 1978 άποπληροῦντες
659 1906 784 1974 περὶ
814 1903 916 1976 τὴν
957 1906 1255 1976 εἰρημένην
1297 1904 1512 1977 ῥάβδον
1545 1904 1606 1961 τὸ
1640 1909 1739 1961 τοῦ
1778 1929 1872 1977 κη-

180 1998 407 2064 ρυκείου
446 1996 626 2064 σχῆμα
667 1992 965 2064 δράκοντες
1002 1992 1288 2063 σύμβολόν
1333 1997 1439 2047 εἰσι
1473 1997 1574 2048 τοῦ
1609 1994 1700 2048 καὶ
1740 1993 1871 2060 τοὺς

179 2080 481 2152 θηριώδεις
539 2078 633 2135 ὑπ’
685 2077 859 2136 αὐτοῦ
913 2086 1206 2151 κηλεῖσθαι
1261 2081 1353 2135 καὶ
1406 2082 1870 2151 καταθέλγεσθαι,

197 2271 200 2275 -
299 2248 339 2287 3.
376 2237 570 2285 ἐννοιῶν
602 2255 632 2285 a
665 2238 914 2311 ἐνεργειῶν
939 2242 997 2286 be
1031 2239 1285 2308 ἐναργειῶν
1323 2241 1544 2286 Villoison
1577 2268 1631 2273 ——
1664 2247 1705 2286 4.
1732 2243 1867 2316 5.τῷ

180 2298 362 2358 uocatos]
403 2301 464 2358 τῷ
504 2296 664 2358 ὁμήρῳ
704 2296 870 2350 καθώς
909 2300 975 2357 Ν2
990 2300 1033 2344 G
1079 2317 1116 2344 τ.
1158 2295 1232 2357 ὀμ.
1273 2297 1494 2370 καθάπερ
1535 2314 1558 2345 c
1601 2327 1655 2332 —
1697 2306 1736 2345 5.
1780 2299 1870 2372 ἔπη

182 2359 278 2418 (ἔπι
314 2361 388 2414 X)
424 2359 461 2403 Ο
494 2357 611 2403 ἔπεα
646 2359 719 2403 Os.
751 2360 818 2403 ed.
853 2385 906 2390 -—
932 2365 972 2403 6.
1006 2356 1086 2402 δια
1121 2360 1258 2403 τοῦτο
1290 2373 1313 2403 c
1344 2356 1423 2403 διὰ
1456 2359 1592 2404 τοῦτο
1625 2357 1677 2403 δε
1707 2360 1759 2403 Χ
1788 2357 1870 2404 διὰ

179 2421 318 2463 τοῦδε
351 2433 381 2462 a
382 2415 485 2461 ’ΖΝ
512 2414 591 2461 διὰ
625 2414 733 2461 τόδε
767 2417 835 2488 Ν,
849 2417 891 2462 G
925 2444 976 2449 ——
1013 2423 1050 2462 7.
1085 2418 1164 2461 καὶ
1197 2414 1291 2461 απὸ
1324 2433 1353 2462 α
1388 2418 1503 2488 [κ.]
1505 2419 1564 2463 bc
1598 2445 1651 2450 —
1688 2424 1727 2463 8.
1763 2415 1870 2475 ἐμυ-

180 2474 420 2522 θεύσαντο
447 2476 522 2520 Gc
545 2501 601 2508 -
627 2449 942 2547 συμβαλοντες
973 2477 1045 2521 Os
1071 2478 1137 2522 ed.
1166 2502 1218 2508 —
1245 2482 1285 2522 9.
1310 2472 1446 2535 οπερ]
1476 2473 1549 2521 ὅτι
1571 2492 1601 2521 α
1626 2502 1681 2509 —
1711 2482 1777 2520 10.
1804 2477 1870 2534 [α.

182 2533 507 2593 ἐγχειρίζουσι]
540 2550 571 2578 α
603 2560 657 2567 --
693 2539 759 2579 13.
795 2527 901 2593 [ων]
939 2535 990 2578 Χ
1027 2530 1113 2593 [ὧν
1155 2532 1251 2594 ἐθ.]
1287 2537 1345 2580 bc
1378 2560 1432 2568 —
1468 2532 1595 2606 τους]
1630 2552 1684 2590 τη
1716 2534 1797 2579 sed
1830 2549 1867 2580 c.

180 2608 342 2639 rasura.
375 2607 513 2649 supra
543 2610 572 2649 η
604 2594 717 2637 Ντ
692 2594 747 2647 τῆ
782 2595 824 2638 G
855 2619 913 2627 -—-
945 2590 1143 2651 ἐγείρειν
1175 2596 1199 2639 b
1234 2620 1288 2627 —
1331 2599 1398 2638 14.
1440 2591 1567 2651 [γὰρ]
1604 2594 1678 2638 Ge
1712 2619 1765 2625 --
1800 2599 1868 2638 15.

182 2649 389 2698 δυνατόν
423 2650 549 2700 ἐστιν
581 2654 606 2697 b
640 2677 696 2685 -
732 2658 799 2697 16.
834 2653 956 2722 [καὶ]
997 2670 1034 2697 τ.
1068 2670 1106 2698 ο.
1144 2653 1215 2698 Os.
1250 2654 1314 2698 ed.
1350 2679 1404 2684 -
1440 2657 1507 2696 17.
1541 2649 1619 2696 διὰ
1653 2651 1735 2696 τοῦ
1769 2651 1870 2707 τρό-

182 2729 275 2756 που
310 2728 339 2756 α
370 2710 449 2756 διὰ
483 2711 565 2754 τοῦ
597 2707 812 2755 τοιούτου
844 2709 1021 2767 τρόπου
1056 2713 1203 2769 111,ὂο
1237 2737 1290 2744 -
1326 2717 1392 2755 19.
1419 2716 1489 2754 20.
1529 2711 1753 2766 κηρυκίου
1789 2712 1871 2756 Xe

186 2797 240 2803 ——
266 2776 336 2816 20.
363 2768 594 2828 σύμβολόν
627 2766 723 2813 ἐστι
748 2770 829 2815 Nc
854 2797 907 2801 —
933 2775 1003 2815 21.
1037 2745 1305 2828 adessem]
1333 2772 1603 2814 κεκλεῖσθαι
1634 2770 1685 2812 Χ
1715 2773 1871 2814 καλεῖ-

184 2832 301 2874 σθαι
326 2830 442 2887 NV
459 2843 482 2874 c
518 2830 795 2873 συνδείσθαι
826 2830 892 2886 Ν2
907 2829 949 2874 G
981 2855 1034 2861 —-
1070 2829 1132 2887 [n.
1166 2829 1439 2886 καταθελγ.]
1474 2827 1516 2872 G
