1998 3088
145 133 217 186 46
800 127 1173 172 KOPNOTTOT

182 248 497 320 πάρφασιν,
537 245 572 318 ἥ
611 245 659 303 τ’
697 251 887 313 ἔκλεψε
925 245 1065 301 νόον
1103 243 1252 300 πύκα
1291 263 1391 314 περ
1427 243 1802 314 φρονεόντων.

146 349 175 407 ὁ
203 351 264 406 δὲ
285 350 494 416 Κεστὸς
520 349 645 421 ἱμὰς
673 347 789 418 [ὡς]
818 345 939 405 οἷον
963 348 1296 418 κεκασμένος
1320 346 1470 401 ἐστὶν
1496 341 1530 416 ἢ
1558 347 1836 400 διακεκενε

143 440 376 509 τημένος
415 441 505 494 καὶ
543 442 816 508 ποικίλος,
865 436 1107 507 δύναμιν
1152 439 1293 506 ἔχων
1331 437 1431 489 τοῦ
1472 437 1703 489 συνδεῖν
1742 432 1835 487 καὶ

146 532 488 597 συσφίγγειν.
549 533 792 582 καλεῖται
829 523 882 580 δ’
921 523 1156 596 οὐρανία
1195 545 1251 579 τε
1290 523 1382 578 καὶ
1421 522 1711 593 πάνδημος
1742 520 1835 575 καὶ

100 631 120 663 5
143 619 341 670 ποντία
377 613 469 669 διὰ
499 612 560 669 τὸ
593 614 684 669 καὶ
711 614 771 668 ἐν
798 610 1019 687 οὐρανῷ
1052 613 1144 667 καὶ
1177 613 1238 667 ἐν
1261 613 1330 684 γῇ
1367 610 1457 666 καὶ
1485 612 1544 666 ἐν
1583 609 1834 682 θαλάττῃ

144 700 245 772 τὴν
271 701 514 773 δύναμιν
539 698 710 771 αὐτῆς
732 707 1089 771 θεωρεῖσθαι.
1125 696 1391 769 [ἀκύρους
1415 697 1477 753 δὲ
1500 699 1591 754 καὶ
1618 696 1721 754 οὐκ
1746 699 1836 768 ἐμ-

143 794 436 860 ποινίμους
468 789 600 855 τοὺς
630 787 998 860 ἀφροδισίους
1030 784 1480 858 ὅρκουςέφασαν
1505 785 1667 857 εἶναι,
1699 784 1830 858 παρ’

146 876 282 935 ὅσον
328 874 433 932 κᾶν
478 872 513 950 ᾗ
561 879 727 949 ῥαδία
771 878 1192 948 παρασχεθῆναι
1240 873 1369 947 μεθ’
1413 872 1597 946 ὅρκων
1646 875 1834 944 ἐπάγε-

147 973 283 1020 σθαι
322 966 631 1035 συμβέβηκε
668 963 798 1030 τοὺς
836 966 1142 1034 πειρῶντας
1172 965 1235 1027 ἃς
1275 959 1346 1017 ἂν
1377 966 1646 1032 πειρῶσα]
1687 983 1836 1035 περι-

80 1069 123 1101 10
149 1056 312 1125 στερᾷ
361 1052 421 1108 δὲ
466 1055 578 1107 τῶν
627 1050 839 1123 ὀρνέων
890 1056 1066 1122 χαίρει
1113 1050 1348 1122 μάλιστα
1399 1054 1474 1125 τῷ
1526 1049 1837 1121 καθάρειον

145 1140 287 1196 εἶναι
336 1140 397 1195 τὸ
453 1144 591 1215 ζῷον
644 1141 735 1195 καὶ
790 1137 1268 1211 φιλοφρονητικὸν
1323 1137 1416 1193 διὰ
1465 1142 1580 1193 τῶν
1632 1137 1835 1194 ὡσανεὶ

145 1228 498 1300 φιλημάτων,
534 1226 811 1283 ἀνάπαλιν
845 1226 895 1283 δ’
925 1221 991 1292 ὗς
1022 1226 1113 1282 διὰ
1147 1226 1250 1298 τὴν
1283 1225 1638 1297 ἀκαθαρσίαν
1672 1224 1835 1282 ἀλλο-

132 1320 266 1386 ’τρία
314 1314 483 1386 αὐτῆς
529 1314 673 1370 εἶναι
722 1318 889 1370 δοκεῖ.
971 1318 1084 1370 τῶν
1129 1336 1190 1385 γε
1237 1313 1347 1386 μὴν
1399 1317 1592 1386 φυτῶν
1645 1312 1679 1386 ἡ
1731 1314 1834 1386 μὲν

144 1408 383 1476 μυρσίνη
425 1402 517 1458 διὰ
557 1401 658 1473 τὴν
692 1400 934 1458 εὐωδίαν
969 1401 1296 1474 Ἀφροδίτης
1328 1400 1472 1458 εἶναι
1505 1405 1834 1473 διείληπται,

79 1490 178 1563 15ἡ
229 1492 290 1548 δὲ
336 1491 545 1563 φιλύρα
593 1491 686 1546 διά
732 1513 789 1546 τε
834 1490 1082 1562 τοῦνομα
1124 1495 1162 1561 [,
1197 1489 1282 1546 ὅτι
1320 1493 1396 1564 τῷ
1437 1497 1622 1561 φιλεῖν
1661 1512 1837 1562 παρα-

143 1581 404 1651 κειμένως
443 1579 835 1650 έξενήνεκται,]
877 1579 968 1633 καὶ
1010 1579 1123 1634 ἐπεὶ
1162 1579 1299 1651 πρὸς
1337 1577 1432 1645 τὰς
1478 1582 1592 1634 τῶν
1633 1578 1835 1650 στεφά-

143 1689 259 1723 νων
297 1666 504 1732 πλοκὰς
542 1666 811 1722 είωθασιν
851 1665 991 1740 αὐτῇ
1031 1665 1268 1737 μάλιστα
1307 1670 1565 1739 χρῆσθαι.
1627 1666 1731 1738 τὴν
1772 1667 1835 1722 δὲ

143 1755 317 1822 πύξου
357 1757 728 1826 φυλάττονται
774 1759 838 1829 τῇ
886 1759 1001 1832 θεῷ
1033 1757 1372 1827 προσφέρειν
1422 1754 1840 1827 ἀφοσιούμενοί

261 1936 300 1976 2.
333 1937 374 1976 3.
408 1927 436 1987 ἢ
470 1929 834 1989 διακεντημένος
865 1945 889 1976 c
919 1927 949 1988 ἢ
984 1929 1008 1976 ὁ
1045 1931 1466 1988 διακεκεντημένος
1490 1933 1606 1978 LM
1634 1926 1663 1987 ἢ
1697 1928 1722 1975 ὃ
1756 1948 1838 1977 κε·-

143 1989 422 2047 κεντημένος
462 1991 509 2034 Ρ
544 2016 599 2022 -
639 1995 679 2034 3.
720 1991 928 2041 ποικίλος
966 1987 1007 2034 α’
1047 2007 1093 2034 π.
1134 2003 1189 2034 ex
1227 1992 1450 2035 ποικίλων
1491 2006 1580 2038 ras.
1628 2005 1741 2036 corr.
1792 1991 1837 2035 V

141 2051 362 2093 ποικίλων
394 2049 506 2093 Lbc
540 2075 591 2081 —
625 2053 667 2092 5.
697 2046 924 2118 θαλάσσῃ
947 2050 1011 2093 ab
1045 2074 1098 2080 —
1133 2054 1172 2092 6.
1207 2054 1246 2093 7
1283 2048 1365 2092 καὶ
1396 2045 1484 2094 οὐκ
1513 2047 1826 2121 ἐμποινίμους

204 2106 385 2222 ῩΒΙΕῘᾸ
420 2104 505 2151 οὐκ
538 2103 640 2162 ἐμπ.
675 2107 722 2150 lc
755 2107 854 2173 [κ]
871 2102 958 2151 οὐκ
991 2104 1284 2174 ἕποινίμους
1294 2108 1319 2151 b
1353 2108 1434 2165 [n.]
1472 2104 1527 2151 οὐ
1561 2125 1643 2152 και
1677 2111 1826 2151 ποινι-

144 2179 256 2234 μους
390 2190 445 2196 -
486 2170 525 2208 7.
566 2163 771 2234 ἔφασαν
781 2180 891 2215 τους
923 2162 1229 2265 ἀφροδισίους
1269 2160 1438 2218 όρκους
1476 2164 1599 2210 εἶναι
1630 2167 1742 2211 Lbc
1773 2193 1830 2198 -—

143 2227 182 2266 9.
216 2239 273 2272 ας
303 2239 363 2265 αν
395 2239 441 2268 π.
475 2223 611 2278 Lanq
642 2216 762 2272 οἷς
742 2218 803 2265 οὶν
834 2239 879 2266 π.
914 2225 977 2267 ab
1012 2220 1083 2281 [οἷ
1081 2240 1103 2273 ς
1133 2239 1194 2266 αν
1225 2225 1438 2282 πειρῶσι]
1473 2239 1497 2269 c
1537 2225 1605 2276 οἷς
1638 2221 1698 2269 ἂν
1730 2242 1836 2270 πει-

145 2280 315 2334 ρῶνται
340 2281 596 2325 Salmasius
621 2305 674 2312 —
699 2281 938 2354 πειρῶσι]
939 2296 1005 2325 -σι
1029 2282 1058 2327 i.
1084 2282 1113 2324 l.
1141 2295 1202 2327 er.
1227 2281 1282 2340 V
1313 2308 1366 2314 ——
1396 2284 1647 2343 10.11.τῷ
1673 2281 1829 2328 καθ-ά-

143 2354 269 2391 ρειον
303 2336 426 2383 εἶναι
456 2340 520 2383 ab
552 2336 604 2383 τὸ
637 2335 857 2393 καθαρὸν
889 2336 1014 2383 εἶναι
1054 2344 1093 2384 c
1108 2366 1161 2371 —
1206 2346 1271 2386 11.
1305 2339 1356 2385 τὸ
1393 2343 1530 2400 ζῷον]
1563 2346 1676 2387 nota
1707 2356 1829 2386 mar-

143 2396 347 2452 ginalie
335 2412 383 2440 ln
413 2398 476 2441 Ρ·
509 2414 577 2454 γρ.
604 2394 785 2453 ὄρνεον,
816 2396 865 2441 in
892 2398 950 2440 V:
983 2414 1051 2452 γρ.
1077 2396 1127 2441 τὸ
1154 2395 1320 2454 ὄρνεον
1346 2426 1400 2431 —
1430 2406 1595 2445 13.14.
1629 2398 1714 2456 τὴν
1740 2399 1826 2459 μὲν

143 2457 367 2510 μυρσίνην
400 2456 426 2500 b
462 2482 516 2487 —
552 2460 619 2500 15.
652 2457 827 2510 φίλυρα
851 2452 892 2500 α’
914 2455 956 2499 V
955 2457 1049 2513 2N2
1092 2458 1289 2513 φίλυτρα
1320 2459 1375 2501 N
1379 2460 1395 2502 l
1430 2461 1629 2516 φίλητρα
1660 2461 1706 2503 Β
1739 2477 1834 2516 φυ--

767 2525 807 2562 δ’
810 2525 852 2562 νδ
880 2540 921 2562 ον

143 2571 483 2642 ληδένδροντρα
515 2572 560 2627 (i.
595 2586 632 2616 e.
667 2540 921 2628 φυλητρέ)ν
925 2573 967 2617 G
999 2571 1219 2629 φιλύτρια
1252 2588 1274 2619 c
1308 2601 1358 2607 —-
1398 2577 1459 2633 τῷ
1493 2580 1648 2632 φιλεῖν
1680 2593 1710 2621 a
1711 2574 1792 2635 '2V
1806 2593 1831 2623 c

147 2626 198 2672 τὸ
214 2646 279 2697 φ.
314 2630 363 2673 lb
396 2656 450 2661 —
486 2635 657 2675 15.16.
698 2631 992 2688 πακειμένως
1022 2632 1078 2675 Ν
1109 2633 1442 2690 περικειμένως
1473 2635 1516 2678 L
1548 2661 1602 2667 —
1647 2641 1713 2680 16.
1757 2611 1826 2690 ἐξ·

144 2684 417 2755 ενήνεγκται
448 2689 502 2731 N
538 2716 590 2720 —
635 2694 805 2733 16.17.
849 2690 979 2747 [τῶν]
1022 2704 1151 2745 στεφ.
1193 2692 1276 2735 lbc
1316 2718 1369 2724 —
1413 2698 1479 2737 17.
1522 2691 1717 2766 μάλιστα
1757 2712 1824 2752 χρ.

142 2743 183 2790 α’
202 2745 255 2803 V2
291 2746 464 2802 μᾶλλον
495 2748 753 2817 κεχρῆσθαι
778 2749 831 2791 lb
866 2748 950 2806 [μ.]
985 2750 1243 2805 κεχρῆσθαι
1268 2764 1291 2795 e
1316 2777 1368 2782 —
1397 2757 1465 2796 18.
1498 2753 1645 2806 πῦξον
1671 2750 1708 2797 b'
1742 2755 1836 2811 πῆι

144 2804 390 2857 ξονΝ-
422 2805 477 2862 τῇ
511 2808 559 2849 θ.
594 2803 635 2849 a'
655 2806 711 2863 V²
747 2805 826 2864 [τ.]
859 2808 959 2867 θεῷ
993 2809 1042 2852 lb
1074 2808 1135 2864 τῷ
1168 2809 1268 2864 θεῷ
1301 2823 1324 2853 c
