1998 3088
807 125 1140 167 ΕΠΙΔΡΟΜΗ.
1791 125 1821 176 7

135 245 194 298 ἐκ
231 246 327 314 τῆς
357 240 508 306 Ῥέας
547 239 694 316 αὐτῷ
735 239 1003 311 γινόμενα
1038 241 1202 296 τέκνα
1243 245 1537 311 [·εἰ’ληπται
1577 241 1679 313 μὲν
1719 237 1822 298 οὖν

136 329 281 387 οὕτω
321 330 470 385 πάνυ
509 328 751 398 εἰκότως]
764 370 780 398 ,
820 327 1006 399 ἐπειδὴ
1055 327 1159 384 ὅσα
1202 325 1273 384 ἂν
1306 334 1525 399 γίνηται
1556 327 1693 384 κατὰ
1723 328 1822 385 τὸν

141 419 436 491 εἰρημένον
472 421 569 489 τῆς
606 417 878 488 κινήσεως
915 415 1087 487 λόγον
1133 416 1302 472 πάλιν
1343 415 1479 473 κατὰ
1517 416 1617 472 τὸν
1650 416 1822 474 αὐτὸν

132 508 198 562 ἐν
235 506 476 581 περιόδῳ
523 505 866 577 ἀφανίζεται·
911 506 1003 561 καὶ
1044 504 1073 561 ὁ
1121 505 1322 578 χρόνος
1361 505 1423 561 δὲ
1469 505 1727 561 τοιοῦτόν
1771 510 1829 562 τί

137 597 272 650 ἐστι·
314 598 622 651 δαπανᾶται
660 593 765 666 γὰρ
805 591 898 649 ὑπ’
937 592 1111 650 αὐτοῦ
1146 594 1213 649 τὰ
1249 593 1519 665 γινόμενα
1560 595 1621 649 ἐν
1661 592 1823 669 αὐτῷ.

137 681 253 738 εἶτα
283 682 384 754 τὴν
408 683 563 738 Ῥέαν
596 683 770 753 φασὶν
793 684 1154 754 γεννωμένου
1187 680 1324 755 αὐτῇ
1356 685 1456 758 τοῦ
1482 681 1624 747 Διὸς
1656 687 1823 738 λίθον

133 768 255 827 ἄντ’
300 770 474 826 αὐτοῦ
512 781 902 841 προσενεγκεῖν
944 771 1444 842 ἐσπαργανωμένον
1483 774 1557 845 τῷ
1599 772 1822 844 Κρόνῳ,

130 861 334 914 τοῦτον
375 861 642 914 εἰποῦσαν
673 859 972 914 τετοκέναι·
1011 856 1271 913 κάκεῖνον
1305 857 1406 928 μὲν
1437 862 1824 929 καταποθῆναι

128 945 226 1002 ὑπ’
279 945 478 1017 αὐτοῦ,
523 945 623 1002 τὸν
676 946 738 1002 δὲ
778 952 891 1002 Δία
938 946 1125 1017 λάθρα
1170 946 1450 1019 τραφέντα
1500 948 1825 1016 βασιλεῦσαι

133 1038 233 1090 τοῦ
282 1034 511 1107 κόσμου.
596 1033 824 1091 ἐνταῦθ’
882 1028 986 1091 οὖν
1037 1033 1218 1099 ἄλλως
1273 1041 1521 1105 εἴληπται
1574 1033 1607 1106 ἡ
1664 1036 1825 1092 κατά-

131 1138 314 1188 ποσις·
338 1124 712 1179 ’συντέτακται
750 1121 856 1195 γὰρ
898 1121 926 1178 ὁ
969 1125 1152 1193 μῦθος
1184 1123 1309 1193 περὶ
1347 1126 1444 1194 τῆς
1480 1126 1581 1178 τοῦ
1612 1123 1826 1196 κόσμου

133 1213 425 1283 γενέσεως,
465 1213 526 1267 ἐν
566 1205 608 1287 ᾧ
640 1211 764 1268 τότε
794 1208 1081 1284 ἀνετράφη
1122 1209 1155 1282 ἡ
1192 1214 1483 1267 διοικοῦσα
1514 1210 1687 1268 αὐτὸν
1720 1212 1826 1283 φύ-

133 1316 219 1365 σις
248 1301 340 1355 καὶ
373 1299 755 1371 ἐπεκράτησεν,
789 1298 878 1355 ὅτε
911 1303 989 1365 εἰς
1021 1298 1082 1355 τὸ
1115 1304 1444 1371 μεσαίτατον
1478 1297 1651 1355 αὐτοῦ
1684 1298 1713 1355 ὁ
1747 1305 1827 1356 λί-

131 1396 241 1452 θος
273 1381 459 1457 οὗτος,
494 1385 562 1443 ὃν
591 1392 872 1459 καλοῦμεν
903 1391 1036 1459 γῆν,
1070 1389 1244 1444 οἱονεὶ
1275 1389 1610 1454 καταποθεὶς
1641 1390 1826 1459 ἐγκατ-

131 1480 476 1547 εστηρίχθη.’
514 1473 582 1531 οὐ
621 1474 726 1547 γὰρ
766 1473 838 1531 ἄν
870 1474 1049 1541 ἄλλως
1080 1477 1316 1547 συνέστη
1355 1476 1423 1532 τὰ
1463 1477 1623 1548 ὄντα,
1664 1481 1715 1533 εί
1751 1477 1824 1550 μὴ

134 1560 334 1630 &sinz
373 1568 641 1647 θεμελίου
679 1564 883 1635 ταύτης
920 1561 1185 1636 ἠρείσθη,
1225 1567 1541 1636 γινομένων
1578 1566 1670 1621 καὶ
1709 1588 1826 1638 τρε-

135 1653 401 1724 φομένων
434 1653 701 1707 ἐντεῦθεν
730 1651 969 1708 πάντων.
1034 1673 1076 1708 e.
1111 1657 1158 1708 7.
1204 1658 1532 1709 Τελευταῖον
1567 1653 1628 1708 δὲ
1660 1651 1688 1708 ὁ
1723 1653 1825 1724 μὲν

135 1740 361 1813 Κρόνος
399 1743 695 1813 ἱστορεῖται
730 1745 974 1812 συνεχῶς
1003 1739 1267 1796 κατιόντα
1299 1741 1384 1796 ἐπὶ
1416 1744 1492 1816 τῷ
1518 1745 1826 1812 μίγνυσθαι

133 1832 199 1902 τῇ
242 1832 323 1902 Γῆ
362 1828 462 1884 τὸν
505 1826 767 1900 Οὐρανὸν
809 1830 1051 1900 ἐκτεμεῖν
1089 1829 1180 1883 καὶ
1220 1831 1429 1884 παῦσαι
1461 1832 1558 1899 τῆς
1595 1827 1826 1901 ὕβρεως,

134 1915 165 1973 ὃ
215 1917 275 1973 δὲ
323 1915 463 1981 Ζεὺς
510 1915 759 1986 ἐκβαλών
806 1914 979 1972 αὐτὸν
1025 1919 1121 1987 τῆς
1166 1920 1448 1986 βασιλείας
1492 1939 1822 1990 καταταρτα-

136 2010 326 2077 ρῶσαι.
406 2003 499 2060 διὰ
538 2008 679 2075 γοῦν
725 2005 940 2061 τούτων
990 2008 1326 2060 αἰνίττονται
1376 2003 1459 2060 ὅτι
1498 2027 1532 2076 η
1580 2008 1676 2076 τῆς
1713 2009 1826 2060 τῶν

134 2091 283 2150 ὅλων
332 2094 600 2165 γενέσεως
650 2092 822 2163 τάξις,
876 2090 949 2163 ἣν
1000 2097 1211 2164 ἔφαμεν
1263 2089 1369 2148 ἀπὸ
1424 2096 1525 2148 τοῦ
1574 2097 1824 2165 κραίνειν

257 2291 295 2329 1.
329 2280 477 2343 αυτῷ]
514 2281 640 2342 αὐτῷ
670 2284 741 2329 Os.
776 2285 841 2331 ed.
869 2310 923 2316 —
947 2285 1120 2358 γινομ]
1153 2282 1406 2355 γεινόμενοι
1433 2285 1476 2328 L
1508 2302 1596 2341 γιν.
1622 2299 1734 2330 corr
1771 2300 1826 2330 ex

134 2341 389 2415 γεινόμενοι
413 2344 464 2388 Χ
487 2370 541 2376 -
564 2349 601 2389 1.
627 2348 667 2388 2.
695 2345 908 2413 εἴληπται
932 2360 1019 2400 μεν
1044 2336 1131 2388 οὖν
1156 2360 1278 2388 ουτω
1303 2344 1362 2389 bc
1386 2346 1562 2388 εἴωθεν
1571 2343 1712 2414 [μεν]
1741 2337 1825 2388 οὖν

138 2397 327 2473 [ουτω]
327 2418 357 2447 a
382 2428 436 2434 —
454 2408 494 2447 4.
521 2398 843 2473 αφανίζεσθαι
866 2417 896 2447 α
897 2398 991 2447 'ZG'
1007 2429 1062 2435 —
1088 2408 1130 2447 4.
1156 2407 1196 2447 5.
1222 2399 1438 2447 τοιοῦτόν
1457 2402 1537 2461 [τι]
1565 2398 1661 2447 ἔστι
1686 2404 1745 2448 bc
1771 2428 1823 2435 -

135 2466 178 2506 5.
216 2459 451 2519 γενόμενα
482 2474 505 2506 c
544 2487 602 2494 —
643 2458 694 2505 ἐν
727 2457 853 2521 αὐτῷ
884 2476 915 2506 a
956 2458 1004 2515 ἐξ
1037 2456 1185 2505 αὐτοῦ
1219 2462 1244 2506 b
1279 2463 1334 2520 [ε.
1346 2461 1434 2533 α.]
1469 2475 1492 2506 c
1526 2487 1579 2494 —-
1613 2467 1653 2506 6.
1694 2459 1825 2532 γενό-

1850 1054 1892 1086 10

1851 1494 1892 1527 15

1849 1934 1892 1966 20

137 2535 280 2577 μενον
314 2534 344 2564 a
375 2547 430 2552 ——
473 2525 512 2566 8.
547 2518 745 2564 εἰποῦσα
778 2507 836 2565 bc
866 2545 924 2553 -—
958 2525 1026 2565 10.
1062 2517 1275 2565 ἐνταῦθα
1307 2514 1392 2564 οὖν
1428 2521 1514 2565 Xb
1547 2546 1602 2552 —
1639 2524 1706 2565 14.
1746 2513 1826 2564 οὖ-
1854 2530 1857 2532 ’

136 2579 234 2637 τος]
268 2574 413 2629 αὐτὸς
443 2593 474 2623 α
505 2605 559 2612 -
595 2584 662 2624 16.
695 2575 757 2630 ὡς
788 2574 866 2623 ἐπὶ
896 2580 1122 2635 θεμελίου
1155 2577 1195 2624 α’
1218 2579 1321 2623 VX
1351 2574 1453 2637 [ὥς]
1494 2575 1571 2623 ἐπὶ
1601 2579 1825 2636 θεμελίου

139 2636 184 2680 L
214 2637 296 2682 καὶ
329 2634 406 2682 ἐπὶ
436 2639 643 2695 θεμελίῳ
676 2638 702 2682 b
735 2638 816 2694 [κ.]
853 2634 928 2682 ἐπὶ
946 2639 1166 2710 θεμελίῳ
1200 2651 1222 2682 c

255 2695 798 2741 V11.17.Tszsthov
838 2710 868 2741 a
904 2695 1020 2747 τέως
1059 2697 1118 2741 bc
1150 2722 1204 2729 —
1249 2701 1315 2741 18.
1359 2692 1436 2740 ἐπὶ
1468 2693 1520 2740 τὸ
1564 2713 1608 2753 μ.
1642 2693 1738 2741 a'L
1770 2720 1824 2727 —

140 2757 210 2798 20.
243 2759 314 2800 21.
346 2751 726 2824 κατεταρτάρωσε
760 2756 819 2800 bc
851 2781 905 2788 —
945 2760 1018 2800 21.
1059 2752 1139 2800 δια
1180 2754 1233 2799 δε
1274 2751 1452 2799 τούτων
1488 2769 1517 2798 α
1554 2779 1607 2787 -
1647 2759 1721 2798 21.
1755 2758 1823 2797 22.

140 2811 274 2870 [τῶν]
308 2809 428 2858 ὅλων
461 2814 486 2859 b
517 2814 599 2870 τῆς
630 2809 738 2870 ὅλης
769 2827 791 2858 c
