1998 3088
810 138 1141 181 ΕΠΙΔΡΟΜΗ.
1744 140 1812 191 27

122 253 230 326 τὴν
268 252 578 323 θάλατταν,
626 250 726 323 ὑφ’
770 245 852 307 ὦν
896 257 1128 309 τείνεται
1174 254 1319 310 κάτω
1368 253 1396 310 ὁ
1444 254 1548 326 ἀὴρ
1596 259 1815 327 μηδετέ-

126 349 315 413 ρωθεν
365 338 800 411 ἀποσπασθῆναι
852 341 1176 412 δυνάμενος.
1267 344 1455 413 ἑτέρου
1511 343 1571 398 δὲ
1626 343 1817 413 μύθου

122 430 392 502 μέμνηται
431 432 532 484 τοῦ
571 428 707 484 κατὰ
739 428 844 500 τὴν
876 430 1064 499 Θέτιν,
1105 428 1179 495 ὡς
1216 422 1309 485 ὑπ’
1347 430 1515 501 αὐτῆς
1548 434 1816 502 σεσωσμέ-

124 540 232 574 νου
270 522 371 574 τοῦ
413 517 578 588 Διὸς,

275 619 484 677 ὅπποτέ
517 644 614 692 μιν
656 622 925 691 ξυνδῆσαι
960 618 1244 690 Ὀλύμπιοι
1282 620 1495 691 ἤθελον
1535 620 1719 690 ἄλλοι,
1839 646 1860 678 5

259 708 403 781 ’Ἠρη
435 707 484 764 τ’
526 708 627 780 ἠδὲ
666 708 999 763 Ποσειδάων
1037 710 1128 763 καὶ
1169 708 1397 774 Παλλὰς
1431 707 1654 781 Ἀθήνη.

123 817 380 883 φαίνεται
422 810 472 867 δ’
518 811 603 868 ὅτι
641 810 760 867 κατ’
805 815 958 867 ι’δίαν
1000 813 1224 876 ἕκαστος
1261 812 1476 868 τούτων
1516 817 1628 868 τῶν
1661 816 1814 868 θεῶν

125 900 453 970 ἐπεβούλευε
490 904 565 976 τῷ
602 905 705 955 Διῒ
733 904 980 971 συνεχῶς
1011 902 1227 972 μέλλων
1260 903 1569 972 ἐμποδίζειν
1608 901 1815 971 ταύτην

122 988 228 1060 τὴν
268 988 661 1061 διακόσμησιν,
710 986 843 1058 ὅπερ
884 991 1124 1061 ἐγένετο,
1173 994 1224 1045 εἰ
1267 988 1328 1044 τὸ
1377 987 1555 1059 ὑγρὸν
1596 989 1817 1059 ἐπεκρά-

123 1094 254 1147 τησε
291 1077 382 1131 καὶ
424 1077 745 1148 ἐξυδατώθη
793 1077 972 1132 πάντα
1018 1075 1051 1148 ἢ
1091 1077 1154 1134 τὸ
1200 1082 1311 1147 πῦρ
1351 1079 1443 1132 καὶ
1490 1077 1812 1148 ἐξεπυρώθη
1840 1100 1880 1131 ιο

122 1170 156 1234 ἢ
205 1163 234 1220 ὁ
282 1163 405 1237 ἀήρ.
481 1163 515 1236 ἡ
565 1165 626 1220 δὲ
674 1164 814 1220 κατὰ
862 1165 1073 1237 τρόπον
1126 1169 1386 1221 διαθεῖσα
1436 1165 1615 1220 πάντα
1661 1167 1819 1230 Θέτις

29 1256 36 1262 ’
122 1252 223 1309 τὸν
276 1252 629 1325 ἑκατόγχειρα
678 1253 969 1325 Βριάρεων
1026 1252 1283 1320 ἀντέταξε
1337 1266 1452 1318 τοῖς
1506 1255 1816 1325 εἰρημένοις

122 1350 305 1413 θεοῖς,
344 1341 475 1397 καθ’
513 1339 580 1397 ὃν
622 1349 754 1407 ἴσως
793 1344 1153 1413 διανέμονται
1190 1341 1502 1412 πανταχόσε
1542 1344 1604 1396 αἱ
1633 1343 1690 1397 ἐκ
1721 1344 1817 1412 τῆς

124 1436 226 1504 γῆς
265 1430 694 1502 ἀναθυμιάσεις,
735 1429 809 1496 ὡς
841 1429 934 1486 διὰ
965 1434 1188 1486 πολλῶν
1219 1435 1421 1502 χειρῶν
1451 1435 1548 1502 τῆς
1571 1434 1650 1495 εἰς
1679 1429 1816 1485 πάν-

122 1543 220 1586 τας
258 1518 389 1584 τοὺς
427 1517 706 1590 ἀριθμοὺς
738 1519 1058 1589 διαιρέσεως
1088 1520 1407 1590 γινομένης·
1448 1520 1645 1584 σκέψαι
1686 1516 1737 1574 δ’
1768 1522 1817 1573 εί
1841 1538 1881 1571 15

124 1607 272 1679 παρὰ
311 1606 374 1663 τὸ
415 1614 595 1679 αἴρειν
630 1605 732 1678 τὴν
772 1604 926 1661 ὦσὰν
966 1606 1142 1676 βορὰν
1183 1609 1296 1661 τῶν
1334 1611 1436 1662 τοῦ
1474 1607 1688 1678 κόσμου
1727 1629 1817 1678 με-

123 1701 241 1767 ρῶν
282 1694 602 1766 ὠνόμασται
630 1693 926 1765 Βριάρεως.
999 1697 1272 1764 [Αἰγαίων
1304 1694 1407 1765 μὲν
1446 1693 1553 1766 γάρ
1595 1696 1743 1750 ἐστιν
1783 1694 1812 1750 ὁ

123 1783 208 1841 ἀεὶ
248 1781 497 1854 τεθηλώς
533 1784 625 1837 καὶ
664 1787 878 1853 γαίων]

240 1894 348 1942 Δεῖ
385 1885 445 1941 δὲ
478 1884 551 1957 μὴ
586 1896 813 1956 συγχεῖν
844 1884 975 1950 τοὺς
1006 1884 1228 1956 μύθους
1266 1881 1394 1955 μηδ’
1433 1886 1487 1951 ἐξ
1527 1886 1718 1957 ἑτέρου
1748 1885 1814 1941 τὰ

124 1973 373 2046 ὀνόματα
412 1972 500 2045 ἐφ’
546 1975 733 2044 ἕτερον
773 1974 1100 2044 μεταφέρειν
1149 1969 1278 2043 μηδ’
1323 1980 1379 2028 εἴ
1416 1995 1467 2028 τι
1507 1973 1813 2043 προσεπλά-
1838 1992 1880 2024 20

123 2070 237 2134 σθη
299 2073 418 2126 ταῖς
477 2063 956 2132 παραδεδομέναις
1014 2059 1131 2116 κατ’
1183 2058 1386 2126 αὐτοὺς
1438 2067 1817 2132 γενεαλογίαις

246 2244 284 2282 1.
318 2243 358 2281 2.
399 2233 511 2295 μηδ’
548 2232 783 2308 ἑτέρωθεν
814 2239 880 2282 ab
921 2263 972 2269 —
1017 2242 1056 2282 3.
1099 2237 1220 2295 [τοῦ]
1260 2254 1302 2280 κ.
1334 2253 1371 2282 τ.
1403 2240 1455 2281 θ.
1488 2252 1517 2282 a
1571 2238 1653 2282 τοῦ
1694 2254 1814 2281 κατα

124 2297 206 2356 [τ]
239 2299 289 2341 θ.
316 2297 362 2340 Β
386 2322 440 2329 -
475 2301 514 2341 7.
546 2293 724 2341 τούτων
758 2312 950 2347 εκαστος
979 2298 1039 2341 bc
1072 2322 1123 2328 —
1151 2302 1191 2341 8.
1225 2295 1402 2351 μέλλων
1434 2299 1597 2342 mutat.
1630 2297 1679 2340 in
1706 2296 1816 2367 μέλ’-

126 2360 284 2406 λοντες
315 2356 370 2399 N
395 2353 638 2427 μέλλοντες
668 2355 714 2398 Β
744 2356 940 2427 μᾶλλον
952 2354 996 2400 G
1028 2381 1083 2388 —
1117 2360 1157 2399 9.
1191 2355 1254 2414 εἰ]
1295 2354 1399 2412 εἰμ
1368 2371 1431 2426 μη
1463 2356 1479 2399 l
1511 2381 1565 2387 —
1603 2360 1667 2399 10.
1701 2371 1730 2410 η
1762 2371 1815 2399 το

124 2415 239 2472 πῦρ]
282 2414 362 2458 καὶ
400 2412 452 2458 τὸ
485 2431 534 2458 π.
569 2415 615 2457 Ρ
645 2440 696 2446 —
743 2419 810 2458 11.
854 2409 880 2471 ἢ
921 2411 946 2458 ὁ
987 2410 1079 2470 ἀὴρ
1121 2414 1343 2459 Villoiscm
1384 2414 1455 2472 [η]
1497 2410 1522 2458 ὃ
1555 2409 1648 2469 ἀήρ
1683 2413 1720 2457 O
1760 2439 1815 2446 —

131 2478 201 2518 11.
240 2471 375 2524 θέτις
411 2489 516 2544 ητοι
547 2470 754 2543 πρόνοια
788 2474 846 2518 bc
885 2498 940 2506 —
984 2479 1051 2518 12.
1088 2478 1154 2518 13.
1202 2478 1299 2524 τοῖς
1347 2471 1651 2543 [εἰρημένοις]
1683 2475 1818 2523 θεοῖς
1856 2526 1860 2529 χ

127 2533 187 2576 bc
211 2557 264 2565 —
293 2537 363 2576 13.
395 2528 514 2576 καθ’
542 2526 600 2587 ἣν
624 2533 683 2576 bc
708 2558 762 2564 —
798 2537 866 2576 15.
899 2527 1156 2602 ᾇριθμούς]
1183 2530 1536 2603 ρυθμούςΡ-
1562 2529 1685 2589 [τὴν]
1713 2546 1736 2576 c
1758 2556 1818 2564 —
1876 2543 1878 2545 ’

128 2596 198 2635 16.
230 2586 292 2641 ὡς
322 2587 383 2634 aiv
414 2592 559 2646 (ωσαν
592 2591 693 2646 (sio)
730 2591 797 2647 X)
831 2606 859 2635 a
892 2588 1064 2635 ὡσανεὶ
1094 2591 1178 2635 Nc
1208 2587 1271 2641 ὥς
1301 2607 1361 2634 αν
1403 2589 1471 2640 εἰς
1502 2589 1544 2634 G
1587 2617 1636 2622 —
1680 2589 1814 2663 [τῶν]

126 2650 208 2695 τοῦ
242 2666 283 2692 κ.
316 2664 346 2694 a
379 2675 432 2682 —
466 2650 560 2707 [17.
592 2648 792 2706 αἰγαίων
818 2676 872 2682 -
902 2655 967 2694 18.
995 2651 1160 2706 γαίων]
1187 2649 1328 2694 Schm.
1357 2675 1410 2682 --
1439 2653 1506 2692 17.
1532 2665 1619 2705 μεν
1643 2647 1811 2706 γάρ]δὲ

128 2709 187 2753 bc
210 2733 267 2741 —
301 2713 368 2752 19.
398 2713 587 2764 συγχεῖν
621 2708 694 2752 Os.
728 2715 913 2765 στυγεῖν
940 2709 997 2764 Ο,
1032 2710 1236 2753 ceterum
1262 2708 1326 2751 W
1352 2708 1473 2751 hanc
1504 2721 1667 2752 vocem
1698 2707 1814 2752 omj-

127 2766 190 2811 sit
226 2767 393 2811 lacuna
430 2766 595 2811 relicssa
640 2793 695 2799 —
735 2773 805 2812 20.
846 2773 916 2811 21.
958 2743 1318 2822 προσεπελᾶσθη
1355 2780 1378 2810 c
1416 2764 1813 2821 προσεπεπλοὶσθη

133 2824 207 2869 Os.
238 2827 304 2871 ed.
338 2851 393 2858 —
425 2829 498 2869 21.
530 2822 636 2870 κατ’
673 2822 847 2876 αὐτοὺς
878 2827 1051 2880 παραδ.
1085 2826 1144 2870 bc
