1998 3088
810 114 1168 161 PRAEFATIO.
1752 136 1840 174 vn

150 242 364 292 Difficile
403 245 481 291 est
519 242 570 290 in
608 242 701 291 hac
739 239 967 303 opusculi
1003 240 1299 303 conditione,
1338 241 1472 303 quod
1502 241 1683 291 misere
1712 243 1840 291 lace-

152 320 318 365 ratum
340 318 493 378 atque
517 317 807 378 corruptum
837 316 1023 376 exstat,
1062 314 1252 377 aliquid
1281 315 1627 377 pronuntiar03
1665 331 1839 364 verum

152 405 264 438 cum
286 389 414 438 illud
431 388 635 438 Cornuti
652 405 791 451 opus,
816 388 948 451 quod
973 388 1147 438 eodem
1162 388 1311 438 titulo
1328 388 1547 438 afferunt
1560 388 1840 438 Theodore-

152 466 234 512 tus
266 465 317 512 et
347 463 752 526 Etymologieum
782 462 1043 524 Magnum,
1084 462 1282 525 vulgari
1313 462 1428 511 usui
1457 461 1701 511 traditum
1731 478 1842 512 esse

149 536 382 586 videatur
420 539 471 586 et
509 553 539 586 a
576 537 749 585 multis
794 538 1092 598 usurpatum
1130 572 1144 586 .
1184 575 1195 585 .
1236 572 1277 596 .‚
1323 535 1593 585 videndum
1639 552 1703 585 an
1749 537 1840 586 hoc

152 626 349 672 quoque
388 626 511 673 opus
551 612 611 658 ut
646 613 726 660 tot
761 610 862 658 alia
902 610 1288 672 epitomatorum
1335 611 1387 658 et
1434 610 1698 658 sciolorum
1738 626 1842 659 ma·

149 684 425 746 gistrorum
464 699 615 747 opera
652 684 716 732 ad
754 684 881 732 hanc
918 683 1232 732 ieiunitatem
1268 683 1527 732 redactum
1567 686 1618 732 et
1658 685 1842 734 luxatis

149 758 386 806 membris
439 758 668 820 maleque
721 758 908 806 curatis
960 757 1180 819 turpiter
1231 757 1567 806 deformatum
1614 758 1682 806 sit
1727 795 1739 808 .
1779 797 1790 809 .
1831 794 1843 807 .

152 829 316 888 Quare
369 831 525 880 donec
578 831 854 880 accuratior
913 830 1237 895 investigatio
1299 831 1436 878 aliud
1496 847 1671 880 verum
1733 847 1843 881 esse

151 903 368 965 docebit,
429 905 720 967 putabimus
779 906 833 952 in
892 905 980 952 illo
1041 903 1170 952 libro
1225 906 1479 954 servatam
1532 920 1642 954 esse
1703 906 1847 968 quasi

151 978 383 1026 umbram
415 979 686 1041 quandam,
726 993 1025 1041 quamquam
1055 993 1147 1026 nec
1176 977 1339 1039 ipsam
1369 979 1642 1042 integram,
1681 980 1845 1041 operis

153 1067 184 1099 a
223 1050 468 1114 Cornut0,
508 1052 669 1101 Persii
705 1055 1047 1114 praeceptore,
1087 1046 1332 1102 confecti.'

299 1126 381 1174 Ad
442 1141 570 1189 quae
626 1125 823 1175 Ottonis
875 1126 910 1174 J
912 1126 1048 1174 ahnii
1059 1119 1100 1191 1)
1163 1126 1316 1175 verba
1374 1125 1539 1175 nescio
1600 1141 1666 1174 an
1724 1126 1846 1175 haec

154 1199 409 1248 commode
462 1200 871 1262 respondeantur.
963 1199 1189 1247 Primum
1242 1215 1413 1248 omnes
1464 1199 1712 1262 epitomae
1759 1199 1848 1248 ali-

154 1267 273 1335 quid
314 1273 502 1322 habent
540 1274 712 1322 sterile
750 1289 807 1322 ac
840 1273 1085 1335 ieiunum3
1126 1272 1346 1322 Cornuto
1378 1275 1547 1322 autem
1578 1273 1848 1335 epitomam

154 1345 394 1395 conficere
455 1348 610 1396 fuisse
666 1347 927 1410 indignum
981 1348 1094 1410 quis
1147 1346 1331 1408 putat?
1422 1347 1583 1395 Immo
1643 1347 1847 1395 minime

154 1435 269 1468 eum
307 1420 401 1469 hoc
439 1421 611 1469 libello
652 1421 913 1470 scientiam
951 1423 1003 1469 et
1041 1420 1299 1484 ingenium
1329 1421 1487 1469 fuisse
1517 1420 1849 1483 probaturum

153 1493 575 1555 locupletissimus
628 1495 776 1543 testis
831 1497 910 1543 est
954 1491 1245 1558 ἐπιδρομῆς,
1299 1495 1361 1542 de
1408 1510 1507 1557 qua
1550 1510 1674 1544 voce
1716 1494 1850 1542 infra

156 1567 253 1616 erit
306 1567 590 1631 dicendum,
645 1568 912 1617 admodum
965 1569 1248 1616 modestum
1293 1583 1473 1617 nomen
1526 1568 1590 1616 ab
1646 1569 1850 1617 auctore

156 1642 394 1702 opusculo
441 1642 670 1692 inditum.
745 1642 956 1702 Deinde,
1014 1642 1056 1690 si
1102 1641 1249 1689 modo
1295 1641 1389 1689 hoc
1432 1644 1640 1704 tangere
1688 1642 1852 1690 voluit

158 1713 313 1777 Jahn,
351 1731 496 1764 nemo
535 1717 717 1777 nescit,
760 1718 1003 1778 quantum
1040 1716 1123 1764 vel
1154 1714 1429 1763 doctissimi
1461 1715 1559 1764 viri
1590 1717 1642 1762 et
1672 1713 1853 1763 Graeci

159 1789 212 1836 et
237 1788 450 1837 Romani
478 1790 532 1837 in
561 1789 951 1853 interpretandis
984 1792 1036 1838 et
1066 1789 1346 1837 derivandis
1378 1788 1634 1838 vocabulis
1675 1788 1852 1837 delira-

157 1861 336 1910 verint.
415 1863 543 1910 Tum
583 1879 709 1925 quae
732 1863 781 1911 J.
814 1863 875 1911 de
912 1862 1096 1911 misera
1135 1862 1358 1924 opusculi
1399 1862 1683 1911 condicione
1722 1862 1852 1910 voci·

157 1934 373 1996 feratur,
420 1952 498 1999 ea,
546 1941 604 1985 ut
652 1938 876 1999 profecto
922 1937 1183 1998 aptissime
1230 1936 1414 1984 cadunt
1458 1936 1510 1983 in
1563 1935 1851 1996 Galeanam,

161 2023 265 2070 qua
298 2008 346 2056 J.
385 2011 643 2071 utebatur,
696 2010 905 2059 Cornuti
955 2010 1246 2069 editionem,
1299 2009 1528 2057 inutilem
1580 2009 1739 2069 illam,
1795 2011 1855 2057 ut

159 2081 543 2134 Westermanno
553 2077 596 2149 2)
628 2085 807 2134 merito
832 2083 994 2144 audit,
1025 2084 1355 2146 farraginem,
1387 2098 1548 2145 neque
1579 2083 1651 2131 ita
1680 2082 1854 2144 procul

162 2155 436 2220 abhorrent
474 2159 537 2207 ab
570 2156 759 2206 Osanni
788 2158 917 2206 libro
950 2173 1009 2206 ex
1040 2156 1307 2206 Villoisoni
1338 2156 1532 2205 schedis
1565 2157 1709 2218 quasi
1739 2171 1851 2204 con-

161 2231 290 2290 suto,
313 2230 387 2278 ita
414 2246 648 2294 magnam
671 2233 872 2295 quidem
903 2234 1100 2294 partem
1130 2231 1438 2279 infirmatum
1467 2230 1532 2278 iri
1563 2230 1852 2278 confidimus

160 2302 255 2352 hac
274 2322 283 2328 ·
299 2319 429 2353 nova
474 2306 779 2366 recensione,
828 2320 926 2368 qua
972 2303 1182 2354 Cornuti
1234 2305 1389 2354 verba
1433 2319 1533 2352 non
1583 2303 1745 2352 solum
1792 2302 1855 2350 ad

162 2376 466 2439 optimorum
496 2380 720 2428 codicum
750 2395 883 2428 nunc
910 2379 1127 2441 primum
1158 2394 1218 2427 ea
1241 2393 1341 2440 qua
1368 2393 1460 2439 par
1484 2380 1562 2425 est
1592 2376 1856 2439 diligentia

162 2451 461 2501 collatorum
483 2453 768 2515 redegimus
794 2453 1168 2512 auctoritatem,
1210 2452 1298 2500 sed
1330 2451 1483 2500 etiam
1515 2467 1545 2499 a
1575 2450 1854 2499 manifestis

162 2525 356 2573 mendis
402 2541 493 2587 pro
538 2527 732 2575 viribus
779 2527 888 2575 ausi
944 2541 1115 2575 sumus
1166 2540 1398 2588 purgare.
1484 2524 1710 2586 Denique
1757 2533 1855 2570 ser-

163 2598 324 2646 monis
356 2614 535 2661 genuS,
568 2616 666 2662 quo
697 2601 825 2649 liber
858 2602 936 2648 est
967 2599 1297 2661 conscriptuS,
1331 2599 1518 2661 optime
1551 2598 1613 2646 ad
1640 2597 1858 2660 primum

282 2768 324 2821 1)
359 2766 427 2812 Cf.
459 2769 560 2812 eius
593 2769 665 2813 ed.
698 2769 824 2815 Pers.
856 2785 903 2826 p.
937 2768 1036 2813 XII.

283 2828 329 2882 2)
360 2826 687 2885 Mythograph.
721 2830 873 2885 (1843)
906 2843 950 2885 p.
984 2828 1105 2872 XVI.
