1998 3088
843 132 1173 176 ΕΠΙΔΡΟΜΗ.
1774 137 1843 189 59

157 258 273 312 τοῖς
310 247 477 302 ποσὶν
509 244 711 317 αὐτοῦ,
751 247 841 302 καὶ
881 248 1138 304 τοιοῦτόν
1175 272 1226 306 τι
1267 253 1325 306 ἐκ
1355 256 1457 307 τοῦ
1494 256 1675 323 μηροῦ
1715 271 1846 309 συν-

158 336 482 406 εκδέχεσθαι
522 336 762 400 δέοντος.
831 335 1064 407 βρόμιος
1104 336 1165 392 δὲ
1203 339 1293 392 καὶ
1333 338 1548 410 Βάκχος
1584 341 1674 395 καὶ
1699 340 1845 396 Ἴακ-

157 445 253 494 χος
300 423 392 478 καὶ
445 422 596 489 &ficos
651 425 743 479 καὶ
790 424 1066 495 βαβάκτης
1122 427 1213 480 καὶ
1271 425 1548 498 Ἰόβακχος
1604 435 1844 485 καλεῖται

158 509 252 566 διὰ
290 509 352 566 τὸ
393 510 600 577 πολλὰς
637 511 896 576 τοιαύτας
934 512 1129 583 φωνὰς
1163 512 1292 579 τοὺς
1321 518 1633 581 πατοῦντας
1672 515 1843 572 αὐτὸν

155 602 404 670 πρῶτον,
453 598 568 656 εἶτα
614 599 745 665 τοὺς
792 602 894 665 ἕως
934 602 1110 672 μέθης
1146 602 1280 672 μετὰ
1320 606 1490 659 ταῦτα
1529 606 1846 674 χρωμένους

156 685 398 757 ἀφιέναι.
475 691 570 758 τῆς
619 686 670 742 δ’
715 690 776 744 ἐν
823 700 938 753 τοῖς
983 688 1174 755 πότοις
1219 693 1467 760 παιδιᾶς,
1515 689 1612 746 εἶτ’
1664 693 1845 748 ἐκστά-

156 791 294 840 σεως
333 775 617 847 σύμβολόν
657 780 799 830 εἰσιν
841 779 898 831 οἷ
926 776 1176 847 Σάτυροι
1207 777 1311 848 τὴν
1343 777 1653 849 ὀνομασίαν
1692 783 1846 852 ἐσχη-

155 863 312 928 κότες
350 860 459 920 ἀπὸ
498 868 600 919 τοῦ
639 866 931 935 σεσηρέναι
967 867 1058 920 καὶ
1094 868 1152 920 οἱ
1172 867 1402 938 Σκιρτοὶ
1434 865 1540 923 άπὸ
1565 871 1665 922 τοῦ
1698 873 1846 923 σκαί-

156 973 277 1022 ρειν
315 953 407 1008 καὶ
449 955 507 1008 οἱ
535 954 772 1023 Σιληνοὶ
812 951 918 1009 ἀπὸ
960 958 1060 1010 τοῦ
1093 959 1364 1010 σιλαίνειν
1396 956 1486 1010 καὶ
1525 959 1582 1011 oc
1610 959 1846 1011 Σευΐδαι

155 1038 262 1096 άπὸ
304 1044 405 1096 τοῦ
441 1039 653 1112 σεύειν,
695 1039 726 1095 ὅ
765 1043 915 1097 ἐστιν
957 1039 1153 1114 ὁρμᾶν.
1232 1042 1324 1098 διὰ
1365 1043 1577 1099 τούτων
1619 1043 1668 1098 δ’
1715 1052 1846 1109 ἴσως

154 1134 483 1199 παρίσταται
528 1126 590 1185 τὸ
644 1127 845 1185 ὡσανεὶ
897 1128 1012 1201 μετ’
1068 1131 1338 1197 ἐκλύσεως
1391 1133 1480 1187 καὶ
1535 1131 1845 1203 θηλύτητος

154 1217 489 1290 παράφορον
517 1217 958 1274 τῶν-πινόντων.
1020 1218 1224 1274 τούτου
1257 1219 1317 1273 δὲ
1343 1220 1527 1274 ἕνεκεν
1550 1220 1641 1275 καὶ
1673 1220 1845 1290 θηλύ-

154 1326 372 1376 μορφος
403 1305 504 1376 μὲν
535 1304 841 1376 πλάττεται,
873 1307 1072 1376 κέρατα
1105 1306 1166 1362 δὲ
1199 1311 1356 1377 ἔχων,
1398 1305 1552 1362 ὡσάν
1582 1307 1713 1372 τοὺς
1743 1308 1843 1379 μὲν

153 1392 356 1457 τόνους
390 1389 823 1462 ἀποβαλλόντων
854 1398 968 1449 τῶν
1001 1396 1457 1466 μεθυσκομένων,
1489 1400 1584 1469 βία
1617 1395 1677 1451 δὲ
1709 1418 1845 1467 χρω-

155 1482 342 1553 μένων
372 1481 464 1536 καὶ
497 1481 882 1538 ὃυσκάθεκτόν
913 1503 964 1537 τι
996 1483 1087 1538 καὶ
1120 1481 1422 1554 ὁρμητικὸν
1453 1483 1711 1555 ἐχόντων.
1753 1486 1842 1540 καὶ

154 1569 216 1625 τὸ
258 1569 360 1640 μὲν
397 1573 495 1640 τῆς
533 1571 770 1640 ἐσθῆτος
808 1569 1068 1641 ἀνθηρὸν
1100 1575 1394 1641 παρίστησι
1430 1570 1533 1641 τὴν
1565 1577 1844 1628 ποικιλίαν

153 1662 252 1729 τῆς
298 1657 545 1728 ὀπώρας,
593 1655 626 1728 ἡ
677 1656 728 1712 δ’
773 1660 833 1714 ἐν
872 1669 988 1723 τοῖς
1033 1663 1307 1723 πλείστοις
1351 1661 1464 1713 τῶν
1509 1659 1844 1730 πλασμάτων

154 1746 436 1818 γυμνότης
472 1745 571 1802 τὸν
609 1745 758 1817 παρὰ
804 1745 932 1812 τοὺς
977 1746 1180 1812 πότους
1217 1748 1516 1818 γινόμενον
1566 1746 1844 1818 ἀπαμφια-

158 1835 302 1906 σμὸν
341 1838 443 1890 τοῦ
481 1833 719 1904 τρόπου,
758 1833 903 1889 καθὸ
946 1837 1102 1889 δοκεῖ
1135 1834 1226 1889 καὶ
1266 1832 1327 1889 τὸ
1369 1831 1542 1898 (οἶνος
1584 1835 1674 1888 καὶ
1714 1832 1844 1905 ἀλή-

153 1925 313 1979 θεια’
340 1926 626 1995 εἰρῆσθαι,
666 1922 804 1994 τάχα
845 1921 937 1977 διὰ
969 1925 1134 1978 τοῦτο
1166 1923 1256 1977 καὶ
1289 1933 1515 1993 μαντεῖα
1548 1919 1669 1976 ἔσθ’
1700 1920 1842 1977 ὅπου

155 2015 257 2067 τοῦ
299 2011 591 2067 Διονύσου
631 2015 866 2082 ἔχοντος.
938 2014 1013 2086 τῷ
1055 2010 1116 2065 δὲ
1160 2010 1478 2082 θορυβώὸει
1525 2011 1637 2065 τῶν
1674 2018 1843 2080 μεθυ-

156 2101 445 2172 σκομένων
486 2101 692 2155 οἰκεῖόν
731 2121 783 2154 τι
825 2102 1014 2165 ἔδοξεν
1052 2103 1195 2170 ἔχειν
1234 2100 1324 2153 καὶ
1365 2096 1393 2154 ὁ
1434 2102 1547 2154 τῶν
1587 2098 1840 2169 ῥόπτρων

155 2188 340 2260 ψόφος
369 2188 462 2243 καὶ
492 2187 821 2259 τυμπάνων,
862 2185 895 2242 ἃ
927 2187 1461 2260 παραλαμβάνουσιν
1491 2191 1569 2252 εἰς
1591 2186 1655 2242 τὰ
1684 2185 1842 2257 ὄργια

156 2274 357 2333 αὐτῶν.
428 2279 668 2347 χρῶνται
709 2276 770 2332 δὲ
808 2276 1004 2332 πολλοὶ
1042 2277 1133 2330 καὶ
1175 2272 1366 2340 αὐλοῖς
1403 2274 1550 2346 παρὰ
1582 2274 1684 2346 τὴν
1718 2291 1844 2344 συγ-

278 2414 318 2453 1.
351 2404 536 2452 τοιοῦτό
570 2426 613 2451 τι
646 2410 709 2453 ab
744 2435 797 2442 -
831 2414 871 2453 2,
906 2407 1006 2466 [καὶ
1039 2405 1204 2465 Βάκχ.]
1227 2407 1315 2476 ,08.
1347 2408 1414 2451 ed.
1441 2433 1494 2439 —
1523 2412 1562 2451 6.
1596 2407 1676 2462 τῆς
1708 2402 1753 2450 δ’
1791 2404 1839 2450 ἐν

1869 622 1887 653 5

1872 1066 1911 1095 10

1870 1505 1907 1538 15

1867 1944 1909 1975 20

155 2473 254 2519 τοῖς
283 2463 446 2518 πότοις
475 2467 670 2518 παιδιᾶς
697 2467 770 2512 Os.
795 2469 861 2513 ed.
894 2485 931 2511 τ.
957 2462 1004 2511 δ’
1033 2464 1084 2512 ἐν
1115 2484 1153 2511 τ.
1185 2482 1345 2516 τοποις
1368 2467 1560 2515 παιδιᾶς
1583 2463 1625 2510 α’
1658 2471 1758 2516 ταῖς
1790 2461 1865 2527 ἐν,

157 2532 256 2577 τοῖς
279 2523 440 2576 πότοις
456 2527 668 2576 παιδιάις
684 2525 1087 2582 (praecedentibus
1104 2528 1239 2580 nexa)
1258 2525 1407 2569 Paris.
1427 2528 1542 2569 2860
1560 2529 1661 2574 ταῖς
1678 2520 1729 2568 ἐν
1746 2529 1843 2574 τοῖς

155 2583 316 2636 τόποις
339 2586 550 2635 παιδιαῖς
574 2586 694 2641 (πεὸ.
713 2585 794 2640 W)
813 2585 996 2629 lbW—
1028 2590 1092 2628 10.
1114 2580 1180 2641 [δ’
1202 2583 1327 2641 ἴσως]
1348 2579 1452 2627 b'-
1476 2589 1540 2627 13.
1569 2580 1628 2633 ὡς
1652 2577 1711 2625 ἂν
1728 2580 1768 2626 α’
1785 2582 1838 2639 V2

156 2641 220 2694 ὡς
250 2645 334 2688 lbc
359 2669 414 2677 —
442 2648 509 2687 14.
546 2644 857 2700 μεθυομένων
882 2645 931 2688 lb
964 2641 1240 2697 μεθυόντων
1263 2657 1287 2686 c
1319 2667 1373 2674 —
1407 2647 1472 2686 16.
1500 2647 1568 2686 17.
1601 2638 1686 2695 τὴν
1717 2656 1839 2685 ποικ.

155 2704 402 2757 παρίστησι
439 2702 521 2758 τῆς
559 2698 635 2748 όπ.
676 2703 788 2747 Lbc
828 2728 881 2734 —
924 2706 992 2746 18.
1032 2698 1162 2755 παρὰ
1199 2698 1309 2750 τοὺς
1345 2699 1518 2751 τόπους
1557 2699 1700 2756 Ῑινιο
1736 2699 1841 2753 περὶ

156 2759 266 2812 τοὺς
297 2759 470 2812 τόπους
500 2762 526 2805 b
558 2786 615 2793 -
654 2766 724 2806 20.
766 2757 873 2805 ἔσθ’
908 2756 987 2805 ὅτε
1020 2760 1201 2817 LVlbc
1234 2784 1288 2791 —
1320 2764 1391 2802 22.
1426 2758 1570 2815 ἔχειν]
1612 2757 1734 2802 εἶναι
1768 2757 1840 2801 Os.

157 2821 223 2864 ed.
259 2845 312 2853 -
347 2817 556 2876 ῥὀπτέων
587 2819 643 2863 Ν
669 2817 854 2876 ᾇόπτων
877 2833 901 2863 c
931 2816 1120 2878 ῥ’όμβων
1152 2819 1218 2874 N2
1233 2814 1272 2862 b'
1299 2842 1353 2849 -—
1380 2822 1450 2863 24.
1475 2812 1633 2861 αὐτῶν
1660 2815 1733 2861 Os.
1767 2815 1838 2870 (cf.
