1998 3088
159 138 231 188 44
822 135 1193 179 ΚΟΡΝΟΤΤΟΤ

161 252 344 324 φορὰν
393 251 534 308 εἶναι
588 252 838 322 καθάπερ
885 256 1071 316 ἵπποις
1119 249 1276 322 ἡμῶν
1324 262 1442 314 ταῖς
1489 249 1654 304 ναυσὶ
1705 270 1844 319 χρω-

161 344 369 414 μένων,
417 343 680 396 ἐντεῦθεν
719 339 827 410 ἤδη
866 340 956 394 καὶ
997 341 1296 394 ἐπίσκοπον
1337 336 1509 393 αὐτὸν
1549 336 1693 393 εἶναι
1731 339 1844 392 τῶν

160 434 341 484 ἵππων
392 428 855 498 παραδεξαμένων
905 430 1016 481 τῶν
1067 425 1200 497 μετὰ
1251 429 1434 481 ταῦτα.
1519 425 1731 495 λέγεται
1783 423 1845 479 δὲ

161 517 307 588 παρά
346 534 455 571 τισι
487 517 577 570 καὶ
610 516 962 586 νυμφαγέτης
1000 515 1091 569 καὶ
1121 517 1431 585 κρηνοῦχος
1463 513 1557 568 διὰ
1587 512 1683 578 τὰς
1712 532 1846 582 προ-

117 627 136 659 5
162 605 449 678 ειρημένας
488 607 683 667 αἰτίας·
738 601 954 672 νύμφαι
999 601 1104 671 γάρ
1153 605 1294 656 εἰσιν
1343 604 1403 655 αἱ
1445 604 1558 656 τῶν
1596 604 1846 671 ποτίμων

160 691 381 747 ὑδάτων
431 695 625 760 πηγαί,
677 689 784 744 ἀπὸ
836 693 935 744 τοῦ
987 687 1072 744 ἀεὶ
1122 690 1244 744 νέαι
1294 694 1603 759 φαίνεσθαι
1653 685 1687 760 ἢ
1737 686 1843 743 άπὸ

161 783 258 834 τοῦ
305 784 530 849 φαίνειν
577 776 751 843 οὕτως
803 776 1205 848 ὠνομασμέναι.
1290 776 1409 848 [τὰς
1460 777 1522 832 δὲ
1572 778 1847 848 γαμουμέ-

161 889 261 931 νας
307 867 527 937 νύμφας
574 869 840 920 καλοῦσιν
893 864 1001 920 ἀπὸ
1059 869 1159 920 τοῦ
1212 869 1319 920 νῦν
1371 865 1602 936 πρώτως
1659 869 1848 935 φαίνε-

163 962 297 1009 σθαι
335 955 711 1025 κρυπτομένας
749 955 917 1022 τέως]
996 955 1096 1008 τοῦ
1137 951 1188 1007 δ’
1233 952 1407 1009 αὐτοῦ
1453 955 1625 1022 λόγου
1671 958 1847 1024 ἔχεται

98 1064 138 1096 10
162 1043 252 1096 καὶ
291 1041 351 1097 τὸ
384 1044 743 1107 Ποσειδῶνος
782 1041 908 1097 υἱὸν
949 1039 1092 1096 εἶναι
1123 1039 1223 1096 τὸν
1255 1041 1554 1112 Πήγασον,
1595 1039 1702 1096 ἀπὸ
1733 1044 1849 1096 τῶν

161 1134 353 1199 πηγῶν
394 1127 807 1200 ὠνομασμένον.
887 1127 977 1183 διὰ
1028 1128 1089 1184 δὲ
1136 1128 1237 1200 τὴν
1275 1129 1676 1200 θεωρουμένην
1716 1133 1848 1199 βίαν

160 1218 283 1287 περὶ
329 1215 431 1287 τὴν
476 1215 758 1271 θάλατταν
797 1217 889 1271 καὶ
927 1216 1138 1282 πάντας
1182 1215 1311 1281 τοὺς
1357 1221 1575 1287 βιαίους
1620 1217 1712 1272 καὶ
1758 1239 1848 1287 με-

161 1303 595 1375 γαλεπιβούλους
626 1305 976 1374 γενομένους,
1017 1301 1092 1368 ὡς
1129 1303 1227 1359 τὸν
1267 1303 1549 1359 Κύκλωπα
1587 1305 1679 1359 αἰαὶ
1717 1303 1849 1370 τοὺς

163 1390 582 1463 Λαιστρυγόνας
626 1392 718 1447 καὶ
767 1390 894 1457 τοὺς
941 1390 1257 1461 Ἀλωείδας,
1308 1395 1669 1457 Ποσειδῶνος
1721 1392 1848 1463 ἐμύ-

98 1499 138 1532 15
163 1489 377 1536 θευσαν
417 1478 683 1549 ἐκγόνους
722 1477 878 1535 εἶναι.

272 1603 311 1637 e.
344 1586 429 1638 23.
477 1579 534 1636 Ὁ
570 1582 630 1637 δὲ
662 1581 920 1652 Νηρεὺς
959 1580 992 1654 ἡ
1025 1582 1274 1638 θάλαττα
1307 1584 1445 1652 ἐστι,
1477 1586 1679 1639 τοῦτον
1713 1582 1850 1640 ὦνο-

159 1671 407 1741 μασμένη
447 1668 546 1724 τὸν
586 1669 795 1739 τρόπον
833 1668 941 1725 ἀπὸ
982 1674 1082 1726 τοῦ
1121 1678 1345 1726 νεῖσθαι
1391 1669 1465 1726 δι’
1511 1669 1695 1742 αὑτῆς.
1754 1695 1850 1727 κα-

158 1761 319 1812 λοῦσι
360 1757 421 1812 δὲ
459 1756 558 1812 τὸν
591 1759 785 1830 Νηρέα
823 1758 915 1812 καὶ
954 1756 1115 1814 ἅλιον
1148 1760 1382 1831 γέροντα
1424 1758 1516 1814 διὰ
1557 1759 1619 1815 τὸ
1662 1758 1845 1830 ὥσπερ

156 1844 357 1900 πολιὰν
398 1847 665 1901 ἐπανθεῖν
712 1857 828 1911 τοῖς
873 1845 1076 1917 κύμασι
1115 1846 1215 1902 τὸν
1262 1846 1473 1918 άφρόν·
1520 1849 1612 1903 καὶ
1659 1847 1765 1920 γὰρ
1813 1847 1848 1920 ἡ

92 1950 136 1981 20
160 1934 450 1988 Λευκοθέα
488 1933 747 1989 τοιοῦτόν
783 1956 833 1988 τι
867 1935 1148 2006 ἐμφαίνει,
1187 1933 1307 2006 ἥτις
1345 1940 1560 2006 λέγεται
1592 1936 1848 2009 θυγάτηρ

159 2021 391 2090 Νηρέως
430 2019 596 2090 εἶναι,
639 2024 899 2092 δηλονότι
937 2021 998 2076 τὸ
1040 2022 1241 2078 λευκὸν
1280 2027 1382 2079 τοῦ
1422 2023 1622 2094 ἀφροῦ.

271 2143 311 2177 ο.
352 2126 437 2177 24.
506 2123 770 2178 Πιθανὸν
818 2124 878 2179 δὲ
923 2125 1014 2179 καὶ
1060 2125 1162 2194 τὴν
1204 2123 1599 2197 Ἀφροδίτην
1648 2127 1721 2198 μὴ
1769 2126 1843 2182 δι’

161 2207 294 2263 ἄλλο
346 2231 392 2263 τι
446 2210 869 2280 παραδεδόσθαι
921 2223 1219 2281 γεγονυῖαν
1275 2215 1335 2267 ἐν
1389 2218 1454 2285 τῇ
1510 2214 1756 2288 θαλάττῃ
1813 2213 1846 2287 ἢ

162 2295 348 2366 ἐπειδὴ
381 2295 517 2367 πρὸς
547 2296 608 2352 τὸ
640 2296 817 2353 πάντα
850 2300 1111 2367 γενέσθαι
1144 2299 1412 2370 κινήσεως
1445 2305 1534 2356 δεῖ
1559 2304 1650 2357 καὶ
1678 2302 1848 2375 ὑγρα-

279 2461 317 2499 5.
351 2458 591 2512 ποταμίων
623 2457 665 2501 G
698 2483 751 2490 —-
787 2463 855 2502 10.
891 2464 957 2503 11.
991 2454 1086 2502 ἀπὸ
1119 2458 1171 2503 δὲ
1205 2461 1296 2504 τῶν
1329 2478 1435 2517 πηγ.
1460 2463 1515 2507 Ν
1542 2490 1596 2496 -
1634 2470 1701 2509 12.
1734 2466 1843 2521 περὶ

160 2530 195 2556 τ.
224 2513 320 2571 ([τ.]
350 2514 410 2567 L)
434 2512 678 2558 θάλασσαν
703 2531 732 2559 α
756 2514 883 2571 παρὰ
915 2514 1000 2572 τὴν
1025 2515 1271 2562 θάλασσαν
1304 2521 1362 2563 bc
1390 2546 1445 2552 —
1479 2526 1547 2566 12.
1579 2528 1645 2566 13.
1681 2529 1846 2580 μεγαλ-

161 2569 408 2629 επιβόλους
446 2586 470 2616 c
506 2573 708 2629 Toupius
739 2575 902 2619 Struve
934 2601 989 2608 -
1026 2581 1092 2620 14.
1121 2572 1359 2628 Ἀλωείδας
1385 2580 1456 2624 Os.
1490 2578 1695 2632 ἁλωίδας
1720 2583 1846 2626 ZNB

160 2625 362 2679 ἅλωίδας
394 2631 504 2687 cM2
539 2629 755 2682 ἁλωάδας
792 2632 846 2690 V2
882 2629 1102 2684 ἄλωάδας
1131 2633 1174 2677 α’
1207 2631 1405 2687 άλαΐδας
1438 2638 1479 2682 G·

222 2741 234 2757 ⁹
278 2687 442 2758 X‘XIII.
487 2695 554 2733 16.
587 2686 805 2734 θάλασσα
842 2691 879 2733 O
910 2718 964 2724 -
1000 2698 1067 2737 16.
1104 2698 1171 2736 17.
1213 2690 1543 2752 ὠνομασμένος
1577 2697 1649 2743 Os.
1684 2724 1738 2730 —
1776 2706 1843 2746 17.

169 2746 215 2788 δι
261 2747 407 2800 αυτῆς
431 2746 713 2791 Studemwnd
736 2745 801 2791 δι’
822 2746 967 2807 αὐτῆς
994 2751 1031 2794 O
1054 2776 1107 2783 -—
1138 2757 1205 2795 19.
1230 2750 1399 2796 πολιὰν
1424 2752 1463 2799 α’
1485 2755 1539 2812 V2
1573 2754 1738 2800 πολιὸν
1764 2759 1847 2803 lbe

284 2803 444 2848 XXIV.
486 2810 554 2849 23.
595 2804 809 2864 θαλάσσῃ
845 2808 882 2851 0
923 2834 975 2840 —
1016 2814 1084 2853 24.
1126 2807 1240 2865 πρὸς
1272 2810 1322 2855 τὸ
1364 2810 1420 2856 τὰ
1454 2812 1609 2857 πάντα
1641 2832 1680 2871 γ.
1716 2813 1841 2874 b'N2
