1998 3088
180 149 248 202 72
778 207 791 221 ·
834 148 1208 192 KOPNOTTOT

177 269 494 339 ἐπιτηδείως
521 267 631 322 καὶ
670 264 976 338 ἀγρυπνεῖν
1027 267 1088 321 ἐν
1138 276 1257 331 ταῖς
1294 265 1420 332 νυξὶ
1468 266 1561 320 καὶ
1606 261 1862 320 ὑλακτεῖν

175 355 501 428 πεφυκότας.
562 359 802 428 κυνηγίᾳ
842 352 892 409 δ’
923 358 1066 410 ἔοικε
1101 355 1195 408 καὶ
1225 353 1287 409 τὸ
1320 352 1394 425 μὴ
1429 357 1733 408 διαλείπειν
1763 350 1861 408 αὐ-

174 443 277 515 τὴν
316 441 406 499 ὁτὲ
445 443 546 515 μὲν
588 441 904 498 διώκουσαν
941 441 1041 498 τὸν
1084 441 1247 513 ἥλιον
1285 440 1375 498 ὁτὲ
1416 441 1477 496 δὲ
1523 440 1862 514 φεύγουσαν,

177 530 291 587 εἶτα
331 534 392 588 ἐν
438 534 512 607 τῷ
563 534 807 607 ζῳδιακῷ
857 532 1262 602 μετερχομένην
1311 530 1477 605 ζῴδια
1522 531 1614 585 καὶ
1659 531 1864 601 ταχέως

132 637 153 669 5
177 622 506 676 συνιοῦσαν·
549 624 755 676 οἰκεῖον
794 618 900 691 γὰρ
938 623 1179 692 κυνηγίᾳ
1216 619 1308 673 καὶ
1346 617 1408 673 τὸ
1448 617 1613 690 τάχος
1645 623 1864 690 [·προσ·-

174 708 462 779 γειότατόν
510 730 568 764 τε
620 710 733 764 τῶν
790 706 1075 777 οὐρανίων
1131 701 1307 763 οὖσαν
1362 704 1537 778 αὐτὴν
1591 707 1716 778 περὶ
1767 705 1866 772 τὰς

174 796 424 870 κορυφὰς
461 800 574 852 τῶν
606 795 756 868 ὀρῶν
790 801 1004 867 ἔφασαν
1036 794 1526 867 ἀναστρέφεσθαι]
1574 793 1675 867 οὐχ
1707 795 1864 865 ἑτέρα

177 883 226 939 δ’
281 878 420 941 οὖσα
466 882 635 956 αὐτῆς
679 882 714 955 ἡ
759 882 955 954 Ἑκάτη
1005 888 1311 956 τρίμορφος
1361 887 1606 955 εἰσῆκται
1657 882 1752 938 διὰ
1800 880 1864 938 τὸ

175 977 300 1042 τρία
325 971 572 1044 σχήματα
595 971 930 1043 γενικώτατα
956 970 1244 1026 ἀποτελεῖν
1267 971 1368 1042 τὴν
1403 971 1662 1043 σελήνην,
1695 992 1866 1042 μηνο-

113 1077 155 1110 10
179 1064 299 1131 ειδῆ
346 1062 646 1132 γινομένην
700 1062 792 1116 καὶ
840 1061 1192 1131 πανσέληνον
1250 1061 1341 1115 καὶ
1385 1064 1577 1132 τρίτον
1625 1081 1678 1115 τι
1728 1058 1867 1115 άλλο

177 1152 357 1220 σχῆμα
400 1148 780 1218 [πλάττουσιν]
830 1147 1365 1219 ἀναλαμβάνουσαν,
1412 1146 1542 1202 καθ’
1589 1144 1618 1203 ὃ
1665 1147 1866 1255 πεπλή-

176 1259 346 1308 ρωται
385 1259 486 1309 μεν
526 1236 696 1309 αὐτῆς
735 1235 764 1293 ὁ
805 1242 1095 1308 μηνίσκος,
1138 1235 1207 1292 οὐ
1237 1236 1588 1308 πεπλήρωται
1622 1233 1673 1291 δ’
1708 1234 1736 1292 ὃ
1769 1235 1866 1291 κύ-

174 1333 318 1391 κλος.
394 1328 660 1381 ἐντεῦθεν
699 1323 808 1396 ἤδη
853 1325 945 1380 καὶ
983 1327 1249 1396 τριοδῖτις
1295 1324 1572 1395 ἐπεκλήθη
1619 1324 1711 1378 καὶ
1751 1327 1866 1379 τῶν

175 1414 418 1486 τριόδων
459 1413 695 1484 ἐπόπτης
734 1415 1006 1484 ἐνομίσθη
1050 1411 1142 1468 διὰ
1181 1411 1243 1468 τὸ
1274 1415 1472 1485 τριχῶς
1504 1412 1867 1484 μεταβάλλειν

111 1517 153 1551 15
179 1500 456 1558 ὁδεύουσα
490 1502 582 1557 διὰ
615 1505 726 1557 τῶν
762 1501 930 1576 ζῴων.
990 1505 1092 1556 τοῦ
1125 1500 1177 1556 δ’
1207 1499 1370 1572 ἡλίου
1405 1499 1498 1556 διὰ
1535 1504 1633 1572 τῆς
1662 1498 1870 1573 ἡμέρας

176 1589 352 1661 μόνον
388 1591 753 1661 φαινομένου,
785 1587 960 1660 αὐτὴν
983 1590 1076 1644 καὶ
1106 1589 1306 1655 νυκτὸς
1336 1591 1429 1645 καὶ
1461 1588 1696 1654 σκότους
1727 1586 1866 1659 ὁρω-

177 1679 351 1748 μένην
382 1679 474 1733 καὶ
505 1679 960 1749 μεταβάλλουσαν
984 1681 1186 1748 νυχίαν
1210 1699 1267 1732 τε
1290 1678 1382 1732 καὶ
1405 1675 1742 1733 νυκτιπόλον
1772 1677 1866 1731 καὶ

175 1769 415 1836 χθονίαν
447 1764 714 1821 ἐκάλεσαν
751 1767 842 1821 καὶ
873 1777 988 1830 τοῖς
1011 1769 1405 1835 καταχθονίοις
1434 1772 1593 1830 θεοῖς
1623 1763 1864 1836 ἤρξαντο

177 1857 468 1924 συντιμᾶν,
502 1857 699 1909 δεῖπνα
730 1854 1064 1925 ἐμφέροντες
1095 1851 1249 1925 αὐτῇ.
1291 1852 1763 1925 προσανεπλάσθη
1805 1853 1866 1909 δὲ

111 1957 154 1990 20
175 1940 352 2015 τούτῳ
391 1941 483 1996 καὶ
521 1940 582 1996 τὸ
624 1946 861 2012 μιαίνειν
899 1940 1001 2012 τὴν
1042 1949 1143 2010 γῆν
1181 1940 1390 2012 ταύτην
1437 1941 1551 2009 [καὶ
1597 1946 1863 2013 μιαίνειν]

294 2135 335 2174 2.
367 2131 569 2186 κυνηγία
602 2130 657 2188 71
695 2131 894 2201 κυνηγιά
920 2132 1139 2202 (γυνηγία
1162 2131 1219 2174 Ν
1213 2131 1250 2188 1)
1277 2131 1342 2175 ab
1354 2127 1652 2200 κυνηγετικὴ
1678 2144 1702 2176 c
1725 2147 1867 2189 κυνη-

176 2189 310 2250 γεσία
335 2188 449 2234 Gale
472 2175 617 2234 Schm.
636 2214 691 2222 -
715 2186 768 2233 τὸ
795 2186 878 2246 μὴ]
903 2205 964 2232 τω
992 2187 1052 2246 μὴ
1075 2189 1147 2233 Os.
1166 2215 1221 2222 —
1247 2194 1287 2235 4.
1313 2206 1372 2233 τα
1398 2184 1541 2241 ζῶδια
1562 2188 1633 2234 Os.
1654 2215 1709 2222 —-
1734 2194 1775 2237 5.
1801 2191 1867 2236 οἰ-

176 2252 307 2292 κεῖον
339 2262 369 2291 a
408 2246 534 2291 οἰκεῖ
557 2248 639 2292 Nc
671 2245 794 2292 ἔοικε
826 2248 892 2305 Ν2
907 2234 948 2292 b
980 2275 1035 2281 —
1068 2249 1268 2318 κυνηγία
1298 2248 1365 2318 Ν,
1381 2245 1447 2292 b'c
1478 2273 1533 2279 —
1574 2251 1614 2291 5.
1649 2254 1688 2294 6.
1727 2264 1867 2307 προσ-

176 2304 417 2362 γειότατον
435 2307 485 2350 lb
507 2302 908 2362 προσγειοτάτηνο
930 2303 1267 2363 προσγειότητα
1284 2321 1313 2351 a
1314 2281 1395 2377 ’7,
1413 2332 1468 2338 -
1488 2311 1616 2351 9.1Ο.
1643 2310 1865 2364 μονοειδῆ

181 2364 279 2410 GP
304 2390 359 2398 —
403 2364 1109 2434 10.γινομ.801ιηι.γενομ.0
1150 2391 1204 2397 —
1245 2370 1315 2409 11.
1355 2338 1785 2437 αναλαμβάνουσαν
1823 2367 1872 2411 P

177 2412 394 2467 ·ἄνουσιν
427 2420 725 2481 711άνεσθαι
757 2427 854 2468 cett.
895 2449 950 2457 —
986 2429 1054 2468 13.
1088 2420 1317 2468 ἐντεῦθεν
1349 2421 1395 2468 δ’
1429 2420 1521 2480 ἤδη
1552 2438 1576 2468 c
1607 2450 1663 2458 —-
1697 2427 1867 2482 τριοδῖ-

175 2498 244 2533 τις
282 2481 484 2552 71-ίτις
514 2485 575 2526 Μ
599 2483 718 2538 -ίτης
748 2486 843 2529 cett.
871 2507 925 2515 ·—
954 2488 1022 2527 14.
1056 2478 1249 2533 ἐπόπτις
1271 2482 1328 2540 V2
1340 2497 1363 2527 c
1395 2509 1450 2515 —
1484 2487 1554 2527 15.
1588 2480 1716 2536 ζώων
1748 2485 1869 2530 aNc

177 2541 354 2594 ζωδίων
386 2537 425 2584 b'
466 2565 525 2574 —-
566 2545 635 2585 15.
676 2537 756 2585 δια
795 2538 879 2592 τὰς
913 2538 1091 2598 ἡμέρας
1120 2540 1297 2598 Ν710-
1330 2567 1382 2574 —
1435 2547 1502 2586 16.
1544 2541 1646 2599 [καὶ
1697 2540 1868 2595 νυκτὸς

180 2599 253 2645 08.
285 2600 352 2644 ed.
386 2624 441 2631 —-
476 2605 544 2644 17.
579 2598 680 2657 [καὶ
711 2596 1113 2658 μεταβάλλουσαν]
1152 2600 1228 2644 vel
1260 2597 1600 2672 μεταβαλόντες
1668 2602 1776 2646 chm.
1809 2627 1866 2634 --

177 2661 248 2702 20.
289 2659 493 2728 μιαίνειν
525 2658 670 2702 Schm.
718 2659 994 2715 μιαίνεσθαι
1033 2659 1308 2729 (μαίνεσθαι
1348 2659 1411 2702 Μ
1450 2657 1682 2728 μένεσθαι
1723 2659 1867 2729 W)O

176 2741 232 2749 —
265 2714 350 2773 τὴν
387 2717 477 2787 γῆν
514 2713 698 2788 ταύτην
722 2717 861 2774 Lany
899 2734 937 2762 τ.
978 2717 1070 2789 γῆν
1106 2712 1256 2788 αὐτην
1287 2717 1431 2762 Schm.
1476 2713 1562 2786 τὴν
1595 2713 1867 2789 ευαναύτην

175 2777 287 2822 mut.
321 2774 371 2819 in
397 2772 488 2845 τὴν
517 2771 786 2846 εὖαταύτην
816 2776 873 2820 Ν
896 2773 982 2833 τὴν
1016 2792 1104 2821 ευα
1135 2791 1313 2847 ταυτην
1345 2777 1443 2846 aB1
1486 2771 1573 2831 τὴν
1606 2791 1722 2820 ευαν
1753 2774 1866 2821 ταύ-

175 2850 261 2891 την
285 2834 328 2879 G
359 2830 444 2890 τὴν
478 2830 723 2891 ευαγωγὸν
753 2831 929 2891 ταύτην
953 2835 1018 2893 B2
1050 2831 1137 2890 τὴν
1169 2831 1248 2878 δια
1281 2851 1457 2891 ταυτην
1489 2834 1597 2879 Par.
1632 2839 1747 2880 3076
1779 2836 1868 2892 γῆν
