1998 3088
857 118 1188 159 ΕΠῙΔΡΟΜΗ.
1760 120 1827 172 15

141 233 397 303 λέγονται
438 232 501 288 δὲ
539 230 686 303 παρά
726 248 836 287 τισι
875 232 967 287 καὶ
1007 232 1111 288 δύο
1153 232 1321 304 μόναι
1363 231 1532 304 εἶναι,
1572 234 1699 306 παρ’
1746 232 1829 302 οἷς

141 320 202 375 δὲ
251 331 421 391 τρεῖς,
483 317 611 391 παρ’
662 316 745 386 οἷς
800 319 861 375 δὲ
911 321 1183 391 τέτταρες,
1239 318 1368 393 παρ’
1425 318 1508 387 οἷς
1559 323 1620 378 δὲ
1672 323 1825 378 ἑπτά·

139 419 286 479 τρεῖς
323 408 424 479 μὲν
474 406 568 464 διὰ
613 406 717 479 τὴν
763 404 1173 481 προειρημένην
1219 412 1314 480 τῆς
1359 409 1588 480 τριάδος
1625 411 1827 466 τελειό-

136 518 270 567 τητα
311 492 343 566 ἢ
376 495 468 550 καὶ
509 495 603 551 διὰ
642 494 703 552 τὸ
737 501 863 568 τρία
894 497 1028 568 γένη
1063 497 1389 568 σκεμμάτων
1423 495 1593 567 εἶναι,
1634 496 1707 552 δι’
1746 491 1828 554 ὦν

136 583 165 640 ὁ
205 582 343 641 κατὰ
383 589 726 656 φιλοσοφίαν
767 583 934 655 λόγος
973 588 1413 658 συμπληροῦται·
1463 585 1566 641 δύο
1617 585 1678 641 δὲ
1716 584 1821 642 ἀπὸ
1849 608 1870 641 5

135 676 236 729 τοῦ
287 680 527 744 θεωρεῖν
577 693 634 727 τε
684 673 776 727 καὶ
827 671 1088 743 πράττειν
1142 672 1208 727 τὰ
1262 674 1461 729 δέοντα
1512 672 1829 744 ἐπιβάλλειν

134 759 269 832 ἡμῖν
315 762 407 816 καὶ
454 763 516 816 ἐν
565 760 694 826 δυσὶ
740 760 960 826 τούτοις
1007 764 1380 817 συνίστασθαι
1427 759 1488 817 τὸ
1538 765 1827 818 πεπαιδεῦ-

135 857 297 904 σθαι·
351 849 600 921 τέτταρες
647 848 708 904 δὲ
753 849 847 904 καὶ
895 847 1028 904 ἑπτα
1073 848 1210 920 τάχα
1258 852 1350 904 διὰ
1397 849 1458 905 τὸ
1509 848 1574 904 τὰ
1624 849 1827 904 παλαιὰ

133 940 244 993 τῶν
277 938 562 1009 μουσικῶν
595 935 808 1008 ὄργανα
847 935 1152 1002 τοσούτους
1191 937 1486 1008 φθόγγους
1525 938 1827 1008 ἐσχηκέναι.

134 1015 361 1096 θήλειαι
401 1024 462 1080 δὲ
508 1022 880 1097 παρήχθησαν
923 1028 1019 1101 [τῷ
1066 1025 1158 1080 καὶ
1200 1024 1298 1091 τὰς
1345 1024 1540 1098 ἀρετὰς
1584 1026 1676 1080 καὶ
1725 1024 1827 1096 τὴν
1853 1058 1894 1089 10

131 1117 398 1170 παιδείαν
430 1111 652 1184 θηλυκὰ
700 1111 947 1184 ὀνόματα
988 1114 1046 1168 ἐκ
1088 1112 1255 1185 τύχης
1306 1117 1473 1184 ἔχειν]
1515 1112 1653 1185 πρὸς
1693 1113 1827 1185 σύμ-

131 1206 304 1272 βολον
350 1204 451 1257 τοῦ
491 1202 619 1271 <ἐξ>
646 1201 1022 1272 ἐνδομενείας
1068 1200 1161 1255 καὶ
1206 1201 1560 1273 ἑδραιότητος
1589 1201 1692 1273 τὴν
1733 1223 1826 1257 πο-

131 1288 447 1362 λυμάθειαν
499 1293 903 1360 περιγίνεσθαι.
989 1287 1208 1343 σύνεισι
1264 1288 1326 1343 δε
1381 1290 1473 1343 καὶ
1528 1289 1824 1395 συγχορεύ-

134 1393 295 1433 ουσιν
335 1375 597 1447 ἀλλήλαις
635 1374 775 1449 πρὸς
804 1375 1152 1447 παράστασιν
1191 1379 1292 1431 τοῦ
1330 1374 1427 1442 τὰς
1459 1374 1655 1445 ἀρετὰς
1684 1375 1825 1448 ἄχω-

133 1470 356 1536 ρίστους
396 1463 583 1520 αὑτῶν
622 1464 714 1519 καὶ
759 1461 1150 1531 ἀδιαζεύκτους
1190 1462 1346 1519 εἶναι.
1415 1462 1550 1534 περὶ
1597 1464 1658 1520 δε
1695 1474 1827 1531 τους
1851 1499 1892 1532 15

131 1557 243 1610 τῶν
282 1555 437 1608 θεῶν
480 1550 695 1623 ύμνους
732 1553 821 1611 καὶ
867 1550 967 1622 τὴν
1007 1553 1313 1622 θεραπείαν
1352 1557 1825 1623 κατασχολοῦνται

131 1641 391 1713 μάλιστα,
449 1638 636 1710 ἐπειδὴ
693 1650 967 1711 στοιχεῖον
1022 1642 1271 1704 παιδείας
1322 1639 1435 1694 ἐστὶ
1485 1638 1548 1695 τὸ
1599 1639 1824 1711 ἀφορᾶν

130 1729 267 1801 πρὸς
304 1727 366 1784 τὸ
408 1736 574 1784 θεῖον
612 1728 704 1783 καὶ
747 1726 910 1783 τοῦθ’
947 1724 1259 1799 ὑπόδειγμα
1291 1731 1392 1782 τοῦ
1430 1731 1559 1798 βίου
1597 1744 1823 1799 ποιησα-

131 1820 333 1888 μένους
374 1814 482 1872 ἆνὰ
517 1815 692 1887 στόμα
725 1820 869 1887 ἔχειν
911 1819 1018 1896 δεῑΞέ
1071 1814 1249 1880 ἄλλως
1282 1814 1344 1871 δὲ
1374 1814 1558 1871 Κλειὼ
1593 1816 1694 1887 μὲν
1725 1822 1822 1889 μία

130 1910 243 1962 τῶν
292 1908 548 1960 Μουσῶν
597 1906 746 1960 ἐστιν
795 1902 903 1959 ἀπὸ
957 1907 1057 1960 τοῦ
1107 1905 1300 1969 κλέους
1350 1904 1644 1975 τυγχάνειν
1694 1903 1822 1971 τοὺς
1846 1942 1889 1974 20

252 2044 290 2084 1.
324 2038 404 2082 καὶ
434 2034 562 2092 παρά
595 2052 686 2082 τισι
717 2036 797 2081 καὶ
825 2037 877 2080 Χ
905 2062 964 2069 —-
995 2033 1140 2110 μόνον
1172 2037 1309 2094 (μον)
1342 2038 1416 2093 Χ)
1453 2037 1587 2082 XBc
1618 2062 1673 2069 —
1709 2042 1747 2081 1.

130 2093 245 2154 παρ’
275 2095 344 2148 οἷς
376 2094 428 2141 δε
463 2096 544 2141 καὶ
574 2100 699 2153 τρεῖς
730 2092 796 2141 b'c
828 2121 883 2128 -
917 2101 957 2139 2.
983 2094 1200 2167 τέτταρες
1227 2096 1360 2140 XlP
1380 2094 1606 2167 τέσσαρες
1637 2100 1734 2142 cett.
1767 2121 1822 2128 —

130 2161 169 2203 6.
202 2159 408 2212 θεωρεῖν
437 2156 545 2227 [τε]
554 2154 635 2199 καὶ
659 2170 734 2211 πρ.
761 2156 786 2199 b
810 2180 869 2187 —
894 2151 1134 2225 ἐπιβάλλει
1159 2150 1203 2211 ἡ.
1228 2155 1254 2199 b
1280 2151 1340 2259 {A
1370 2151 1500 2213 ἡμῖν]
1528 2168 1551 2199 c
1574 2181 1630 2187 —
1657 2159 1696 2199 8.
1723 2153 1822 2199 τέσ-

130 2230 268 2272 σαρες
295 2215 332 2260 Ο
365 2241 420 2247 —-
447 2219 488 2259 9.
522 2210 736 2283 ὀργάνων
769 2214 827 2258 bc
850 2239 904 2245 —
942 2219 1010 2258 10.
1041 2217 1109 2270 θη
1096 2210 1216 2258 ’λεια
1249 2215 1277 2257 δ
1333 2230 1460 2271 παρη
1433 2214 1581 2270 ἦχθαι
1613 2214 1638 2258 b
1672 2239 1725 2245 —
1760 2214 1820 2273 τῷ

129 2273 199 2345 (τὸ
227 2275 300 2345 Χ)
333 2274 414 2318 καὶ
444 2270 529 2324 τὰς
560 2269 732 2329 αρετὰς
763 2288 793 2317 α
823 2273 884 2332 τῷ
920 2273 1003 2331 [m]
1040 2289 1077 2318 τ.
1112 2289 1155 2317 α.
1182 2273 1241 2317 bc
1273 2298 1326 2305 -—
1365 2272 1637 2330 1Ο.11.[τῷ
1671 2272 1751 2315 καὶ
1783 2288 1819 2317 τ.

128 2328 300 2404 αρετάς
339 2358 394 2365 -
436 2330 582 2405 ἔχειν]
614 2332 673 2376 Α.
698 2318 866 2377 Nauck
897 2357 949 2367 —
987 2337 1055 2376 11.
1091 2336 1160 2376 12.
1193 2329 1309 2388 πρὸς
1341 2328 1573 2389 σύμβολον
1605 2344 1666 2375 ac
1704 2327 1821 2386 πρὸς

130 2388 414 2451 συμβόλαιον
439 2392 464 2436 b
496 2386 525 2447 ἢ
553 2387 672 2463 πρὸς
703 2387 937 2462 σύμβολον
961 2390 1108 2435 Schm.
1134 2416 1192 2423 —
1219 2395 1286 2435 12.
1315 2396 1382 2435 13.
1409 2390 1491 2434 τοῦ
1518 2386 1821 2446 ἐνδομενειάς

130 2446 386 2507 (ἐνδομαίν.
414 2450 477 2506 P)
509 2450 590 2494 καὶ
626 2445 926 2523 εδραιότητος
955 2466 993 2493 τ.
1025 2446 1359 2519 πολυμάθειαν
1393 2451 1509 2505 (-ιαν
1537 2449 1615 2504 X)
1644 2449 1819 2504 περιγί-

129 2511 302 2554 νεσθαι
331 2523 362 2553 a
399 2509 537 2553 τοῦτο
575 2508 657 2553 καὶ
690 2505 989 2578 ἕδραιότητος
1019 2505 1104 2565 τὴν
1138 2508 1237 2566 ([τ.]
1272 2505 1331 2564 b')
1362 2524 1408 2552 π.
1447 2523 1597 2563 περιγ.
1623 2508 1648 2551 b
1680 2507 1818 2551 τοῦτο
1858 2525 1861 2528 ’

132 2562 435 2640 ἕδραιότατον
467 2568 550 2611 τοῦ
582 2564 668 2624 τὴν
699 2565 1030 2624 πολυμάθειαν
1062 2568 1392 2623 περιγίνεσθαι
1423 2580 1446 2611 c
1481 2567 1618 2610 τοῦτο
1650 2566 1733 2609 τοῦ
1768 2561 1816 2617 ἐξ

132 2623 429 2682 ἕδραιότητος
459 2643 498 2670 τ.
522 2642 568 2671 π.
594 2642 640 2671 π.
658 2626 900 2680 Ῡίῑῖοίεοης
934 2626 1016 2670 τοῦ
1052 2622 1330 2686 ἐνδομενεία
1361 2625 1442 2669 καὶ
1483 2621 1747 2682 εδραιότητι
1779 2640 1814 2666 τ.

130 2700 176 2730 π.
201 2700 249 2731 π.
274 2685 402 2730 Hase
426 2684 494 2742 (in
516 2685 571 2729 H.
592 2684 703 2742 Step
706 2686 751 2729 h.
771 2686 1008 2730 Thesauro
1034 2683 1129 2740 Gr.)
1155 2710 1210 2717 —
1239 2690 1306 2729 17.
1334 2688 1561 2757 στοιχεῖον
1586 2684 1651 2727 ab
1677 2698 1816 2738 στοιχ.

130 2742 211 2787 καὶ
240 2739 360 2800 ἀρχὴ
386 2758 410 2788 c
442 2769 497 2775 —
532 2748 600 2788 19.
632 2740 781 2795 αλλως
812 2742 864 2788 δὲ
898 2747 964 2787 κλ.
992 2744 1147 2788 lec
1178 2739 1325 2793 αλλως
1357 2740 1430 2787 δεε
1464 2765 1519 2776 ω
1552 2742 1637 2785 lac.
1664 2745 1730 2784 κλ.
1768 2740 1819 2782 X

130 2798 274 2853 ἄλλως
293 2801 391 2861 [δὲ]
411 2806 478 2847 κλ.
497 2802 612 2846 Ρ-
629 2798 658 2859 ἡ
677 2802 1056 2861 μίαΕαάοσία-
1075 2807 1146 2847 20.
1166 2798 1310 2861 ἐστιν]
1335 2797 1674 2857 ἐπονομάζεται
1689 2799 1813 2842 Eud.
