1998 3088
160 92 232 145 5ss
813 90 1186 134 KOPNOTTOT

310 214 466 265 σίτου
505 209 595 264 καὶ
634 211 858 278 κριθῆς,
899 200 941 262 ῶ
982 206 1166 278 νήπιε,
1205 209 1441 271 πλοῦτος
1481 204 1718 274 ἄριστος.

161 298 254 352 καὶ
294 299 549 353 ἐναντίον
587 295 704 362 πῶς
751 298 862 351 ἐστι
908 298 982 369 τῷ
1030 293 1319 365 λιμῶττειν
1364 292 1425 348 τὸ
1474 292 1844 364 περιουσιάζε-

163 394 324 455 σθαι,
364 390 441 450 εἰς
481 382 509 440 ὃ
551 386 641 440 καὶ
681 382 896 439 ἆπιδῶν
938 381 966 438 ὁ
1001 381 1259 448 Ἡσίοδός
1297 398 1490 454 φησιν·

306 487 588 559 Ἐργάζευ,
628 487 845 557 Πέρση,
887 488 1013 541 δῖον
1052 489 1232 555 γένος,
1275 485 1424 556 ὅφρα
1463 502 1523 540 σε
1562 483 1721 555 λιμὸς

120 609 141 641 5
312 578 571 647 ἐχθαίρῃ,
611 577 773 647 φιλέῃ
815 575 880 629 δέ
915 573 966 628 σ’
1013 573 1355 645 ἐυπλόκαμος
1395 573 1679 645 Δημήτηρ.

162 677 371 733 θύουσι
412 676 463 732 δ’
498 670 564 742 ὗς
603 676 910 747 ἐγκύμονας
940 679 1005 748 τῇ
1040 676 1297 748 Δήμητρι
1327 677 1477 731 πάνυ
1514 679 1746 745 οἰκείως,
1783 671 1845 729 τὸ

164 764 485 835 πολύγονον
523 765 614 819 καὶ
646 762 1025 834 εὐσύλληπτον
1057 765 1148 819 καὶ
1179 763 1518 835 τελεσφόρον
1549 761 1846 835 παριστάν-

128 848 135 853 ’
160 875 261 918 τες.
323 850 649 908 ἀνατιθέασι
683 850 733 908 δ’
764 850 901 922 αὐτῇ
932 852 1023 907 καὶ
1054 851 1150 917 τὰς
1189 849 1447 923 μήκωνας
1477 850 1612 906 κατὰ
1651 850 1847 921 λόγον·

161 940 225 996 τό
264 962 320 995 τε
360 939 466 1011 γὰρ
506 939 850 1011 στρογγύλον
890 939 981 993 καὶ
1013 939 1302 1010 περιφερὲς
1334 938 1519 994 αὐτῶν
1551 944 1848 1009 παρίστησι

97 1048 140 1079 10
161 1027 223 1083 τὸ
266 1032 444 1099 σχῆμα
481 1032 578 1099 τῆς
608 1031 707 1098 γῆς
738 1030 1132 1099 σφαιροειδοῦς
1171 1026 1365 1097 οὔσης,
1405 1025 1439 1097 ἥ
1470 1048 1527 1081 τε
1560 1025 1842 1098 ἀνωμαλι-.

161 1114 257 1181 τὰς
294 1115 614 1186 κοιλότητας
651 1116 742 1170 καὶ
781 1114 877 1180 τὰς
917 1114 1104 1187 ἐξοχὰς
1142 1118 1252 1170 τῶν
1286 1114 1461 1184 ὀρῶν,
1500 1115 1566 1170 τὰ
1601 1113 1655 1169 δ’
1693 1113 1850 1180 ἐντὸς

162 1214 278 1267 τοῖς
309 1202 614 1274 ἀντρῶδεσι
652 1203 743 1257 καὶ
778 1201 1084 1274 ὑπονόμοις
1124 1208 1290 1273 ἔοικε,
1331 1202 1612 1274 σπέρματά
1655 1224 1712 1258 τε
1751 1200 1849 1258 ἄν·

161 1296 444 1361 αρίθμητα
489 1294 765 1360 γεννῶσιν
812 1288 992 1361 ῶσπερ
1039 1288 1072 1361 ἡ
1113 1294 1197 1361 γῆ.
1275 1288 1367 1345 διὰ
1415 1290 1477 1346 δὲ
1521 1289 1621 1360 τὴν
1670 1289 1851 1360 ἄφθο-

161 1383 293 1433 νιάν
323 1382 435 1434 τῶν
467 1382 708 1449 σιτηρῶν
740 1378 1050 1433 ἐπαύσαντο
1078 1381 1136 1433 οἰ
1155 1377 1449 1448 ἅνθρωποι
1475 1378 1848 1449 δυσπόριστον

96 1484 139 1515 15
162 1466 255 1520 καὶ
295 1464 666 1536 ἀμφιδήριτον
712 1465 815 1536 τὴν
862 1465 1078 1536 τροφὴν
1119 1470 1358 1536 ἔχοντες,
1405 1465 1543 1521 ῶστε
1586 1466 1678 1521 καὶ
1718 1482 1850 1520 συν-

162 1556 453 1625 τιθέμενοί
486 1570 610 1607 τινα
647 1552 785 1624 πρὸς
824 1550 1097 1624 ἀλλήλους
1134 1543 1257 1624 περὶ
1296 1557 1409 1609 τῶν
1448 1553 1584 1608 κατὰ
1621 1553 1687 1608 τὰ
1720 1552 1848 1625 ήρο-

164 1641 439 1711 τριωμένα
478 1641 692 1712 μέτρων
731 1642 823 1695 καὶ
867 1640 1257 1712 διανεμόμενοι
1295 1640 1362 1695 τὰ
1407 1640 1728 1712 γεννώμενα
1769 1644 1849 1696 δι-

164 1732 332 1793 καίως
357 1726 602 1799 ἀρχηγὸν
629 1733 818 1799 ἔλεγον
843 1728 1035 1800 νόμων
1059 1730 1150 1784 καὶ
1173 1733 1402 1801 θεσμῶν
1426 1730 1528 1800 τὴν
1541 1730 1849 1801 Δήμητραν

164 1813 352 1880 αὐτοῖς
397 1816 709 1886 γεγονέναι·
757 1819 1022 1872 ἐντεῦθεν
1067 1819 1410 1888 θεσμοθέτιν
1457 1815 1633 1888 αὐτὴν
1679 1834 1849 1889 προσ-

93 1922 138 1953 20
162 1903 478 1974 ηγόρευσαν
530 1899 652 1959 οἷον
699 1907 1004 1975 νομοθέτιν
1053 1898 1256 1975 οὖσαν,
1304 1903 1404 1960 οὐκ
1451 1903 1638 1976 ὀρθῶς
1677 1927 1849 1960 τινων

160 1990 376 2062 θεσμὸν
423 1990 826 2062 ὑπολαβόντων
875 1996 1134 2064 εἰρῆσθαι
1179 1991 1280 2048 τὸν
1326 1992 1540 2064 καρπὸν
1588 1991 1694 2048 ἀπὸ
1746 1996 1848 2049 τοῦ

161 2077 334 2133 αὐτὸν
375 2077 746 2134 ἀποτίθεσθαι
786 2080 878 2134 καὶ
917 2084 1372 2150 θησαυρίζεσθαι.
1452 2079 1748 2151 [μυστήρια
1791 2079 1842 2135 δ’

158 2163 316 2235 ἄγειν
363 2163 600 2236 ἤρξαντο
649 2165 787 2238 αὐτῇ
838 2170 1305 2237 φιλοσοφοῦντες,
1355 2165 1468 2237 ἅμα
1518 2170 1582 2239 τῇ
1635 2165 1847 2239 εὑρέσει

158 2257 271 2308 τῶν
310 2252 451 2324 πρὸς
489 2252 587 2308 τὸν
634 2258 762 2323 βίον
807 2259 1090 2325 χρησίμων
1136 2255 1227 2309 καὶ
1274 2257 1339 2326 τῇ
1385 2254 1691 2326 πανηγύρει
1733 2261 1849 2327 χαί-

158 2372 197 2401 τ.
222 2352 478 2411 δημήτερος
500 2352 603 2405 υίὸς
635 2353 758 2399 εἶναι
784 2353 894 2413 [ἐδ.]
920 2356 1063 2414 LV1b
1095 2374 1131 2400 τ.
1165 2358 1205 2401 δ.
1240 2354 1362 2401 εἶναι
1393 2354 1496 2408 υἱὸς
1528 2356 1639 2416 [ἐ’δ.]
1666 2372 1689 2402 c
1721 2359 1848 2415 λέγε-

158 2430 238 2457 ται
268 2431 304 2457 τ.
339 2416 379 2457 δ.
414 2411 537 2457 εἶναι
569 2410 671 2464 υίὸς
701 2429 819 2458 unus
852 2415 976 2459 Eud.
1010 2417 1102 2460 eod.
1142 2441 1196 2447 —
1238 2421 1277 2460 3.
1312 2417 1454 2472 φησίν
1488 2418 1624 2472 (φησί
1653 2417 1722 2473 Ρ)
1756 2415 1845 2474 φῆ’

167 2471 320 2527 V)·ac
360 2470 452 2527 ἔφη
485 2473 510 2515 b
541 2498 599 2504 —
632 2477 671 2516 5.
705 2471 856 2527 φιλέει
882 2474 1006 2518 lNG
1039 2500 1092 2506 —
1128 2479 1166 2519 8.
1200 2471 1309 2525 τοὺς
1340 2472 1446 2531 μήκ.
1473 2472 1511 2518 b'
1540 2502 1592 2507 —-
1630 2480 1697 2520 12.
1731 2477 1846 2534 τοῖς]

158 2526 321 2580 τόποις
345 2531 507 2574 Struve
539 2555 594 2562 —
629 2535 696 2575 14.
733 2529 800 2589 [οἱ
828 2529 1094 2590 ἄνθρωποι]
1128 2533 1310 2590 117ιῦ6
1334 2559 1388 2566 --
1425 2538 1493 2577 16.
1529 2539 1596 2577 17.
1630 2530 1848 2590 ἠροτριω-

160 2586 280 2644 μένοι
300 2585 409 2645 a'V2
438 2585 782 2646 ἄλλοτριωμένα
804 2591 888 2634 lbc
905 2617 958 2622 —
989 2596 1054 2635 17.
1078 2595 1144 2636 18.
1170 2592 1251 2635 καὶ
1276 2593 1467 2642 δικαίως
1482 2592 1589 2649 LV¹
1606 2594 1631 2636 b
1656 2594 1849 2644 δικαίως

161 2644 213 2690 δὲ
241 2660 263 2690 c
288 2673 340 2678 —
379 2651 446 2691 19.
481 2644 709 2691 ἐντεῦθεν
741 2651 877 2705 θεσμ.
905 2646 944 2692 α’
959 2649 1014 2707 V2
1052 2666 1087 2695 ε.
1115 2654 1145 2689 Ξ
1175 2653 1226 2694 θ.
1258 2650 1302 2693 V
1329 2667 1364 2694 ε.
1399 2646 1454 2694 οὗ
1486 2653 1536 2694 θ.
1561 2651 1605 2693 L
1637 2666 1672 2695 ε.
1707 2647 1846 2695 ἐνθε-

160 2703 442 2821 ἴὲιέθεζτινλό
485 2702 575 2750 ε’ντ.
616 2707 695 2750 καὶ
726 2710 863 2764 θεσμ.
895 2707 996 2765 B2c
1028 2734 1080 2740 —
1116 2699 1187 2752 {l-
1220 2706 1555 2767 ὑπολαβόντων
1587 2705 1769 2766 θεσμὸν
1804 2710 1851 2752 P

223 2798 231 2806 .
290 2779 379 2807 υπο
411 2799 418 2807 .
453 2777 476 2807 c
