1998 3088
862 129 1195 172 ΕΠΙΔΡΟΜΗ.
1796 130 1865 182 53

181 246 338 318 μέχρι
377 244 550 315 κόρου
588 243 733 315 ὕλη]
809 243 871 300 τὸ
914 242 964 299 δ’
1002 243 1230 311 ἀείζωον
1269 249 1380 318 πῦρ
1430 244 1761 301 ἀποδέδοται
1802 250 1867 319 τῇ

173 331 359 407 Ἑστίᾳ
407 331 499 388 διὰ
547 332 608 388 τό
665 333 757 388 καὶ
804 331 938 389 αὐτὸ
989 336 1175 389 δοκεῖν
1232 332 1374 390 εἶναι
1432 332 1571 404 [ὅν],
1624 334 1761 406 τάχα
1814 334 1863 388 δ’

180 422 295 478 ἐπεὶ
333 421 400 476 τὰ
437 420 586 493 πυρὰ
627 423 687 477 ἐν
726 421 914 496 κόσμῳ
954 421 1135 477 πάντα
1176 424 1442 478 ἐντεῦθεν
1483 424 1738 494 τρέφεται
1777 425 1868 478 καὶ

182 509 275 564 διὰ
312 511 519 580 ταύτην
559 507 868 580 ὑφέστηκεν
908 506 942 580 ἢ
983 509 1098 565 ἐπεὶ
1140 510 1396 582 ζείδωρός
1435 513 1547 566 ἐστι
1585 512 1676 566 καὶ
1719 510 1870 586 ζςόων

181 597 385 670 μήτηρ,
428 593 511 663 οἷς
541 605 723 653 αἴτιον
753 600 854 653 τοῦ
887 601 983 667 ζῆν
1014 597 1077 653 τὸ
1110 600 1361 669 πυρῶδές
1384 600 1511 655 ἐστι.
1560 599 1868 671 στρογγύλη

183 685 244 742 δὲ
290 685 579 741 πλάττεται
624 687 716 740 καὶ
767 684 903 741 κατὰ
957 687 1158 756 μέσους
1211 687 1456 757 ἱδρύεται
1506 687 1636 752 τούς
1686 695 1873 752 οἴκους

188 772 281 829 διὰ
312 772 373 829 τὸ
405 773 497 829 καὶ
528 772 632 844 τὴν
663 776 768 843 γῆν
801 773 1066 844 τοιαύτην
1099 773 1241 829 εἶναι
1273 776 1363 829 καὶ
1398 774 1572 840 οὕτως
1604 779 1872 845 ἱδρῦσθαι

185 861 691 933 συμπεπιλημένην,
725 859 865 917 ὅθεν
897 861 1033 917 κατὰ
1058 867 1289 934 μίμησιν
1314 867 1345 930 ἡ
1371 867 1440 934 γῆ
1468 868 1566 932 [τε]
1598 864 1688 918 καὶ
1713 862 1872 934 χθων

182 949 642 1021 προσηγόρευται.
724 949 881 1020 [τάχα
929 950 990 1006 δὲ
1043 949 1076 1021 ἡ
1118 950 1275 1022 χθων
1323 949 1430 1006 άπὸ
1477 955 1577 1007 τοῦ
1624 955 1873 1022 χείεσθαι

181 1037 304 1109 ἤτοι
343 1049 542 1110 χωρεῖν
582 1037 762 1094 πάντα
804 1038 1040 1110 ἐκλήθη,
1082 1037 1155 1105 ὡς
1194 1047 1406 1111 εἴρηται
1444 1039 1505 1095 τὸ

470 1138 638 1206 οὐδὸς
678 1139 731 1195 δ’
777 1141 1127 1213 ἀμφοτέρους
1166 1141 1262 1198 ὅδε
1301 1147 1574 1214 χείσεται.]

144 1243 484 1315 4μυθεύεται
526 1243 587 1299 δὲ
632 1243 818 1315 πρώτη
867 1267 924 1299 τε
977 1245 1068 1300 καὶ
1117 1245 1314 1317 ἐσχάτη
1362 1247 1626 1315 γενέσθαι
1672 1249 1747 1320 τῷ
1797 1249 1874 1311 εἰς

180 1331 387 1402 ταύτην
427 1330 776 1388 ἀναλύεσθαι
815 1332 882 1388 τὰ
923 1330 1015 1388 ἀπ’
1054 1331 1225 1404 αὐτῆς
1255 1333 1526 1404 γινόμενα
1556 1334 1647 1388 καὶ
1689 1335 1743 1400 ἐξ
1777 1331 1874 1388 αύ-

178 1423 277 1491 τῆς
317 1425 716 1490 συνίστασθαι,
763 1419 910 1476 καθὸ
959 1420 1064 1476 κάν
1103 1432 1221 1486 ταῖς
1256 1425 1484 1486 θυσίαις
1525 1423 1582 1476 οἱ
1611 1419 1875 1492 ’Έλληνες

183 1507 291 1564 άπὸ
332 1507 549 1580 πρώτης
587 1530 644 1564 τε
685 1509 856 1579 αὐτῆς
895 1507 1133 1580 ἤρχοντο
1172 1509 1264 1564 καὶ
1305 1513 1382 1573 εἰς
1421 1511 1656 1580 ἐσχάτην
1697 1506 1872 1579 αὐτὴν

180 1598 506 1653 κατέπαυον.
592 1598 870 1668 στέμματα
919 1595 969 1652 δ’
1015 1595 1154 1669 αὐτῇ
1201 1595 1368 1651 λευκὰ
1415 1581 1752 1668 περίκεινται
1798 1599 1873 1670 τῷ

182 1687 485 1756 στέφεσθαι
517 1685 607 1740 καὶ
639 1684 1017 1740 καλύπτεσθαι
1041 1684 1395 1756 πανταχόθεν
1426 1681 1601 1754 αὐτὴν
1632 1681 1739 1739 ὑπὸ
1773 1685 1874 1738 τοῦ

181 1773 516 1829 λευκοτάτου
548 1778 839 1844 στοιχείου.
892 1771 925 1844 ἡ
957 1774 1146 1845 μέντοι
1172 1772 1446 1844 Δημήτηρ
1477 1771 1612 1826 κατὰ
1645 1770 1707 1827 τὸ
1741 1769 1874 1825 ἀνα-

184 1860 407 1918 δοτικὸν
455 1865 568 1916 τῶν
617 1860 946 1933 σπερμάτων
991 1862 1416 1937 εἰδοποιουμένη
1464 1860 1613 1915 πάνυ
1661 1862 1875 1924 οἰκείως

1897 1055 1938 1086 10

1898 1522 1940 1555 15

182 1949 456 2020 εἰσάγεται
486 1948 751 2020 στάχυσιν
780 1950 1219 2020 ἐστεφανωμένη.
1258 1951 1421 2004 τοῦτο
1447 1946 1551 2018 γὰρ
1577 1945 1870 2016 άναγκαιό-
1895 1959 1940 1994 2⁰

181 2060 347 2094 τατον
385 2030 464 2092 ὧν
495 2037 811 2109 κεχάρισται
843 2049 958 2102 τοῖς
993 2036 1320 2107 ἀνθρώποις
1358 2034 1391 2106 ἡ
1433 2033 1636 2107 ἥμερος
1674 2033 1874 2106 τροφή,

183 2129 311 2182 ἐστί.
386 2124 594 2196 ταύτην
641 2125 701 2181 δὲ
741 2125 1044 2196 μυθεύεται
1084 2136 1302 2196 σπεῖραι
1345 2123 1438 2179 διὰ
1488 2127 1584 2194 τῆς
1624 2123 1874 2193 οἰκουμέ-

182 2220 283 2285 νης
315 2211 343 2268 ὁ
386 2213 756 2285 Τριπτόλεμος
789 2211 818 2269 ὁ
858 2211 1196 2278 Ἐλευσίνιος
1242 2210 1659 2282 άναβιβασάσης
1702 2208 1875 2265 αὐτὸν

185 2346 249 2403 Ρ)
285 2344 417 2403 μέχρι
448 2342 592 2402 κόρου
623 2340 712 2402 ὅλη
746 2345 864 2389 aNc
897 2343 1017 2404 [οἷον
1049 2362 1086 2389 τ.
1120 2345 1183 2402 κ.]
1217 2341 1302 2401 τὴν
1335 2347 1466 2399 (corr.
1501 2357 1555 2387 ex
1587 2343 1641 2399 τῇ
1668 2342 1726 2397 G)
1759 2339 1875 2397 πρὸς

182 2402 235 2449 τὸ
276 2421 341 2458 τρ.
384 2421 427 2461 μ.
469 2421 508 2449 κ.
550 2398 664 2461 ὕλην
705 2406 779 2460 (ex
819 2399 906 2461 ὕλῃ
950 2403 1009 2460 G)
1043 2401 1159 2461 ΗΝ,
1208 2430 1262 2435 -
1311 2409 1347 2447 1.
1392 2399 1673 2446 ἀποδίδοται
1713 2398 1779 2445 b'c
1816 2425 1873 2432 —

183 2469 224 2508 2.
258 2459 407 2520 αὐτὴν
440 2463 550 2521 M20
580 2463 726 2508 Schm.
761 2489 815 2495 -
858 2459 912 2507 ὃν
944 2461 1063 2519 τάχα
1096 2461 1166 2520 δ’]
1200 2459 1316 2506 αὐτὸ
1359 2462 1439 2506 καὶ
1471 2461 1616 2505 Schm.
1650 2485 1704 2492 —
1746 2464 1786 2503 3.
1823 2456 1873 2502 ἐν

184 2522 247 2582 τῷ
279 2520 437 2580 κόσμῳ
462 2536 486 2566 c
510 2548 564 2554 —
599 2527 638 2567 5.
671 2517 727 2578 ἧς
757 2535 819 2566 ac
850 2518 879 2578 ἣ
913 2522 1077 2566 Struve
1107 2547 1164 2554 —
1198 2526 1238 2565 6.
1272 2522 1455 2577 ἵδρυται
1485 2533 1508 2563 c
1540 2545 1593 2551 —
1627 2519 1785 2567 οἴκους
1810 2517 1874 2561 ab

185 2577 340 2637 ὠμοὺς
364 2595 387 2625 c
411 2577 596 2638 βωμοὺς
612 2581 726 2625 Gale
742 2606 797 2613 --
827 2586 863 2625 7.
893 2579 1119 2636 ἱδρῦσθαι
1135 2580 1274 2637 Lam]
1300 2578 1548 2635 ἱδρύεσθαι
1569 2577 1676 2621 Ο-
1694 2582 1733 2620 8.
1760 2573 1788 2631 ἡ
1815 2575 1872 2631 γῆ

188 2639 281 2711 [τε]
307 2639 388 2683 καὶ
413 2642 490 2695 χθ.
515 2639 661 2686 Schm.
697 2635 767 2698 [ἡ]
801 2641 857 2696 γῆ
890 2655 939 2683 τε
973 2639 1054 2683 καὶ
1077 2636 1208 2696 χθών
1238 2640 1274 2681 0
1299 2665 1351 2670 —
1381 2643 1420 2683 9.
1454 2634 1572 2693 τάχα
1597 2635 1649 2679 δὲ
1682 2631 1711 2691 ἡ
1742 2631 1874 2703 χθὼν

187 2694 282 2742 άπο
316 2698 399 2742 τοῦ
435 2699 649 2754 χείεσθαι
674 2699 819 2744 Sehm.
852 2695 971 2754 τάχα
1004 2697 1055 2741 δὲ
1090 2694 1119 2753 ἡ
1153 2693 1285 2753 χθὼν
1316 2693 1410 2740 α’πό
1444 2696 1526 2739 τοῦ
1551 2696 1739 2763 χεῖσθαι
1763 2707 1793 2736 a
1815 2691 1870 2749 Υ,

186 2773 226 2802 τ.
251 2755 303 2801 δὲ
338 2753 433 2801 άπὸ
467 2757 549 2801 τοῦ
583 2759 772 2813 χεῖσθαι
803 2753 832 2812 ἡ
867 2758 924 2813 γῆ
951 2757 1034 2800 lbc
1067 2781 1119 2788 —
1157 2761 1224 2799 12.
1256 2753 1413 2811 πρώτη
1445 2769 1492 2797 τε
1519 2752 1600 2796 καὶ
1625 2767 1653 2796 α
1677 2751 1730 2809 V²2
1765 2766 1872 2804 προ-

183 2813 296 2870 τέρα
329 2816 409 2859 καὶ
438 2816 523 2860 lbc
547 2841 602 2849 -—
635 2821 706 2860 23.
742 2813 813 2874 [ὁ]
843 2819 1002 2870 Τριπτ.
1030 2811 1136 2872 a'V2
