1998 3088
137 137 200 176 VI
799 119 1160 165 PRAEFATIO.

139 239 244 312 (vel
306 237 646 311 Thestitano),
716 243 875 294 Persii
935 247 1114 308 poetae
1174 241 1442 309 magistro,
1511 245 1823 309 cogitaveriS,

136 320 424 379 Africanus,
464 321 524 366 ut
560 318 697 367 visus
739 320 816 367 est
848 317 901 367 O.
933 319 986 367 F.
1021 319 1307 368 Hermanno
1320 313 1361 385 1)
1405 334 1615 381 eumque
1655 320 1823 368 secuto

136 386 425 458 Mahly02),
474 386 796 455 Φουρνούτου
834 392 968 441 vocis
1011 408 1160 442 sonus
1199 392 1412 442 nominis
1452 392 1665 455 speciem
1703 407 1825 454 prae

138 482 190 516 se
237 467 368 515 ferat
405 466 575 514 nativi.
653 463 794 521 Quod
832 481 949 514 vero
996 466 1198 528 quidam
1244 466 1433 515 codices
1472 461 1826 525 Πολυδεύκους

138 533 458 605 Φουρνούτου
498 539 790 600 opusculum
823 539 1095 588 inscribere
1127 533 1426 606 dicuntur3),
1466 539 1589 587 mihi
1618 542 1707 588 aut
1738 541 1825 601 eie,

134 616 220 677 qui
262 614 322 662 de
361 613 453 661 hac
491 613 602 674 ipsa
639 627 694 660 re
732 628 762 660 a
799 628 878 661 me
917 613 1091 662 moniti
1125 612 1333 662 Cornuti
1371 613 1562 662 codices
1600 614 1825 676 inspexe-

133 690 276 748 runt,
320 701 411 735 nec
454 687 570 735 vola
616 701 707 734 nec
745 686 1019 749 vestigium
1056 703 1269 749 usquam
1313 687 1450 735 illius
1489 687 1824 749 praenominis

134 761 381 823 apparuit.
444 760 612 807 Etiam
635 754 960 823 Κουρνούτου
984 760 1219 821 formam,
1251 777 1378 822 quae
1410 760 1612 822 quidem
1641 760 1694 809 in
1725 776 1823 811 uno

135 835 300 883 codice
333 825 441 900 (X)
483 835 533 881 et
571 833 704 895 apud
743 828 1066 901 Stobaeum4)
1107 834 1343 895 occurrit,
1384 834 1536 896 digna
1575 836 1653 882 est
1698 849 1825 897 quae
1871 842 1874 843 ’

131 923 339 970 prorsus
379 907 637 956 abiciatur.
647 898 692 973 5)

280 981 417 1029 Haec
464 981 705 1028 hactenus
746 980 806 1029 de
843 980 1042 1028 nomine
1082 981 1314 1030 auctoris.
1388 979 1498 1028 Iam
1548 981 1823 1043 quaeritur,

131 1056 361 1118 quisnam
391 1055 476 1101 ille
507 1052 754 1115 Cornutus
787 1054 954 1102 fuerit.
1015 1054 1090 1102 Ac
1126 1055 1343 1116 primum
1381 1054 1582 1116 quidem
1621 1055 1822 1116 quicun-

134 1145 228 1191 que
268 1128 485 1176 indolem
523 1127 683 1175 libelli
720 1128 881 1175 nostri
920 1128 1277 1176 examinaverit
1323 1130 1374 1176 et
1419 1127 1823 1192 consideraverit,

130 1205 329 1250 tantum
366 1217 466 1250 non
504 1200 748 1249 caecutire
786 1202 1038 1262 putandus
1080 1204 1177 1263 est,
1218 1202 1262 1250 si
1301 1216 1415 1249 eum
1454 1201 1540 1263 qui
1579 1202 1824 1265 conscrip-

132 1276 254 1324 serit
310 1275 598 1336 disciplinae
651 1274 906 1323 addictum
953 1275 1110 1323 fuisse
1155 1278 1308 1337 neget
1345 1273 1555 1323 Stoicae.
1631 1275 1824 1324 Deinde

131 1364 244 1397 cum
304 1350 505 1410 praeter
564 1348 706 1395 illum
771 1347 1045 1396 Cornutum
1056 1342 1122 1414 6),
1189 1348 1274 1410 qui
1334 1348 1561 1397 Persium
1622 1351 1825 1410 poetam

132 1422 327 1472 Stoicae
360 1421 614 1471 doctrinae
652 1422 928 1484 praeceptis
963 1422 1167 1482 imbuit,
1205 1422 1375 1470 nullus
1409 1422 1537 1469 alius
1572 1420 1822 1472 Cornutus

131 1495 325 1546 Stoicus
366 1495 500 1557 apud
537 1497 732 1544 veteres
765 1497 1198 1557 commemoretur,
1237 1495 1383 1552 facile
1423 1510 1480 1543 eo
1517 1494 1823 1559 adducimur,

131 1572 189 1618 ut
248 1569 703 1632 praeclarissimum
764 1569 909 1615 illum
963 1569 1242 1631 sapientem
1294 1570 1346 1616 in
1400 1569 1766 1618 adulescentuli
1780 1563 1822 1635 ⁷)

129 1643 388 1692 cuiusdam
438 1636 678 1708 (PersiiP)
732 1657 880 1689 usum
934 1658 1060 1704 quae
1108 1642 1412 1691 Graecorum
1465 1643 1527 1690 de
1579 1643 1822 1705 religione

130 1715 394 1779 Stoicaque
440 1731 498 1764 ea
541 1715 906 1778 interpretandi
949 1716 1144 1764 ratione
1191 1716 1316 1764 scire
1363 1716 1567 1764 iuvenes
1607 1731 1823 1778 aequum

130 1793 181 1838 et
217 1791 343 1839 utile
380 1792 604 1852 putaret,
650 1789 703 1836 in
742 1787 929 1837 Graece
980 1790 1217 1851 scriptam
1264 1789 1531 1851 epitomam
1542 1782 1584 1853 8)
1634 1793 1822 1839 coarta-

127 1864 262 1912 visse
286 1863 637 1912 existimemus,
692 1861 763 1910 At
787 1863 919 1911 enim
951 1859 1112 1911 eexilis
1145 1863 1388 1925 quaedam
1421 1862 1683 1924 sterilitas,
1723 1879 1822 1926 qua

129 1936 209 1985 hic
255 1938 383 1987 liber
421 1936 722 1998 compositus
771 1937 870 1999 est,
923 1952 1024 1984 non
1076 1937 1275 1986 videtur
1328 1937 1504 1984 cadere
1557 1936 1610 1984 in
1655 1937 1821 1986 virum

132 2011 307 2058 eximie
325 2011 538 2070 doctum,
562 2010 762 2072 qualem
784 2009 893 2059 iure
917 2010 1059 2059 nobis
1077 2012 1510 2072 repraesentamus
1529 2007 1816 2060 Cornutum.

248 2182 291 2231 1)
324 2178 391 2222 Cf.
426 2178 601 2223 Osanni
631 2178 884 2222 editionem
917 2176 1108 2222 Cornuti
1137 2193 1182 2234 p.
1215 2177 1389 2221 XXXII
1420 2179 1469 2222 et
1497 2177 1704 2223 XXXIII.

248 2238 294 2294 2)
327 2235 606 2281 Geschiohte
639 2237 721 2280 der
751 2236 944 2280 antiken
975 2236 1211 2281 Literatur
1242 2237 1393 2293 (1880)
1426 2236 1484 2292 II,
1519 2242 1616 2281 194.

250 2298 294 2353 3)
327 2294 395 2341 Cf.
429 2295 602 2340 Osanni
634 2295 888 2339 editionem
921 2293 1114 2339 Cornuti
1145 2310 1190 2352 p.
1222 2295 1419 2339 XXXIII
1451 2298 1499 2340 et
1529 2295 1736 2341 XXXIV.

247 2357 293 2411 4)
323 2353 461 2411 Phys.
486 2355 520 2410 I,
546 2359 604 2398 43
629 2354 698 2425 qd.
725 2352 948 2398 Meinek.:
981 2350 1084 2398 ἀλλ’
1122 2354 1167 2398 εἰ
1188 2349 1336 2404 οὕτως
1368 2355 1577 2426 γίγνεται
1608 2352 1632 2399 ὃ
1665 2352 1820 2399 θάνα-

131 2430 230 2471 τος,
257 2418 617 2471 προαναιρεῖται
638 2429 667 2468 η
693 2418 1046 2470 συναναιρεῖται
1068 2410 1097 2469 ἡ
1122 2410 1250 2470 ψυχὴ
1276 2413 1338 2471 τῷ
1365 2428 1562 2471 σωματι,
1594 2411 1818 2472 καθάπερ

128 2472 428 2531 Κουρνοῦτος
460 2473 621 2516 οἴεται.

250 2533 293 2586 5)
327 2531 394 2575 cf.
428 2530 822 2598 schweighauser.
856 2529 916 2573 ad
947 2530 1212 2586 Appianum
1244 2531 1301 2575 de
1332 2531 1458 2575 bello
1491 2531 1619 2576 civili
1647 2531 1670 2574 Ι
1703 2537 1771 2576 73.

251 2593 296 2646 6)
326 2589 395 2634 De
443 2588 540 2633 eius
586 2591 686 2633 vita
732 2590 780 2633 et
825 2588 1006 2645 scriptis
1052 2589 1158 2633 vide
1196 2589 1405 2633 Martinii
1453 2589 1818 2647 disputationem

133 2649 299 2706 (Lugd.
327 2650 458 2704 1825)
483 2649 532 2693 et
553 2647 889 2705 praefationem
915 2646 1131 2692 editionis
1158 2647 1449 2692 Osannianae
1471 2662 1557 2693 nec
1581 2663 1674 2694 non
1698 2663 1816 2706 quae

131 2706 246 2752 Otto
270 2707 392 2752 Jahn
420 2707 470 2751 in
500 2705 843 2764 prolegomenis
867 2706 1012 2750 Persii
1036 2706 1252 2751 editionis
1278 2720 1388 2751 suae
1409 2708 1559 2764 (1843)
1586 2708 1812 2765 exposuit.

251 2768 294 2822 7)
326 2765 394 2868 g}
429 2771 469 2819 1,
503 2771 548 2817 13
582 2769 654 2822 28,
688 2770 765 2821 113
796 2769 869 2820 41,
902 2769 978 2820 193
1012 2769 1082 2818 52,
1115 2769 1163 2820 53
1197 2769 1267 2821 65,
1301 2770 1348 2820 1³
1383 2771 1452 2821 76,
1485 2770 1525 2809 2.
