1998 3088
2 2975 16 3080 *rw-<2

848 115 1181 157 ΕΠῙΔΡΟΜΗ.
1787 115 1853 167 57

172 250 363 300 ροντες
407 226 479 294 ὡς
526 234 809 303 μαρτυρίῳ
857 228 1131 302 χρώμενοι
1178 233 1277 284 τοῦ
1326 235 1643 286 πεπαῦσθαι
1695 255 1857 303 μαχο-

171 316 373 387 μένους
412 315 617 383 αὐτοὺς
655 315 914 388 ἀλλήλοις
958 317 1083 388 περὶ
1131 322 1243 373 τῶν
1288 316 1605 389 ἀναγκαίων
1653 324 1859 390 μυσιᾶν

170 426 242 476 τε,
266 402 298 459 ὅ
323 406 436 460 ἐστι
459 407 821 475 κεκορῆσθαι·
845 404 1095 460 πιθανὸν
1112 404 1217 477 γὰρ
1245 407 1510 462 ἐντεῦθεν
1529 405 1859 479 ὠνομάσθαι

169 490 236 547 τὰ
274 491 573 565 μυστήρια,
622 491 761 548 ὅθεν
798 493 890 548 καὶ
922 498 1091 564 μυσία
1123 494 1271 565 παρά
1310 512 1457 550 τισιν
1495 493 1529 566 ἡ
1571 495 1857 567 Δημήτηρ,

169 577 203 651 ἢ
230 578 337 636 ἀπὸ
371 584 471 637 τοῦ
496 582 720 652 μώσεως
745 584 968 636 δεῖσθαι
992 580 1059 636 τὰ
1092 581 1514 653 δυσξύμβλητόν
1545 605 1598 638 τι
1624 588 1855 655 ἔχοντα]

284 690 325 724 c.
366 672 454 725 29.
516 668 631 724 Διὰ
671 670 733 725 δὲ
771 668 979 740 ταύτην
1028 668 1128 740 τὴν
1169 674 1352 726 αἰτίαν
1390 672 1482 725 καὶ
1530 672 1587 726 ἐκ
1627 673 1861 743 Θέμιδος

170 759 384 826 λέγεται
417 755 446 812 ὁ
482 757 622 822 Ζεὺς
652 761 919 828 γεννῆσαι
951 757 1048 823 τὰς
1079 756 1301 829 ’Ὠρας,
1334 756 1433 829 ὑφ’
1463 752 1543 815 ὦν
1573 758 1640 815 τὰ
1672 759 1860 830 ἀγαθὰ

169 844 349 901 πάντα
386 843 519 900 καθ’
562 844 704 917 ἡμᾶς
751 843 1012 917 ὠρεύεται
1057 846 1150 900 καὶ
1198 845 1542 916 φυλάττεται.
1618 854 1860 903 καλεῖται

171 929 220 988 δ’
267 931 453 988 αὐτῶν
499 932 532 1004 ἡ
574 933 677 1005 μὲν
723 932 979 1005 Εὐνομία
1025 933 1132 990 ἀπὸ
1183 938 1281 1005 τῆς
1324 938 1425 990 τοῦ
1470 934 1861 1006 ἐπιβάλλοντος

171 1020 571 1093 διανεμήσεως,
619 1019 652 1092 ἡ
702 1020 763 1076 δὲ
804 1026 949 1091 Δίκη
998 1019 1106 1076 ἀπὸ
1154 1024 1256 1077 τοῦ
1302 1025 1428 1093 δίχα
1475 1027 1725 1093 χωρίζειν
1763 1019 1856 1076 ἀπ’

167 1106 423 1180 ἀλλήλων
470 1107 599 1174 τοὺς
645 1110 1111 1180 διαφερομένους,
1158 1107 1191 1180 ἡ
1242 1109 1303 1165 δὲ
1341 1110 1559 1182 Εἰρήνη
1606 1107 1712 1165 ἀπὸ
1762 1113 1861 1165 τοῦ

171 1196 264 1252 διὰ
298 1197 472 1268 λόγου
504 1198 596 1252 καὶ
630 1195 697 1259 οὐ
731 1195 805 1252 δι’
840 1195 1028 1253 ὅπλων
1061 1201 1449 1269 διακρίνεσθαι
1480 1209 1661 1254 ποιεῖν
1698 1198 1861 1267 [·ἐκά-

167 1292 307 1340 λουν
348 1284 453 1356 γὰρ
493 1284 592 1341 τὸν
632 1284 804 1356 λόγον
837 1285 1115 1356 εἰρήνην]·
1158 1283 1209 1355 [ὁ
1253 1286 1314 1341 δὲ
1344 1286 1582 1357 πόλεμος
1620 1284 1729 1342 ἀπὸ
1761 1288 1861 1341 τοῦ

170 1372 412 1439 πολλοὺς
451 1372 684 1429 ὀλλύναι
733 1371 908 1438 οὕτως
953 1372 1274 1445 ὠνόμασται
1321 1371 1353 1445 ἢ
1395 1373 1502 1430 ἀπὸ
1552 1377 1652 1430 τοῦ
1691 1373 1861 1429 παλά-

169 1484 297 1532 μαις
336 1460 596 1516 σπεύδειν
636 1465 1024 1533 περιγίνεσθαι
1062 1464 1176 1517 τῶν
1216 1464 1529 1532 ἐναντίων]

282 1569 324 1604 ο.
365 1552 450 1605 30.
515 1553 744 1615 Οἰκείως
790 1548 841 1605 δ’
894 1552 1082 1616 ἔδοξεν
1131 1549 1349 1621 Εἰρήνη
1400 1550 1535 1605 κατά
1585 1572 1637 1604 τι
1687 1550 1779 1605 καὶ
1830 1544 1858 1605 ὁ

171 1638 509 1703 Διόνυσος
547 1636 717 1707 εἶναι,
756 1642 869 1693 τῶν
909 1636 1131 1709 ἡμέρων
1164 1639 1417 1708 δένδρων
1451 1638 1743 1703 ἐπίσκοπος
1783 1636 1861 1694 ὢν

168 1727 259 1781 καὶ
303 1724 472 1798 δοτὴρ
513 1725 647 1792 θεὸς
690 1727 724 1800 [,
763 1727 855 1781 καὶ
897 1725 989 1782 διὰ
1030 1729 1202 1781 ταῦτα
1243 1724 1488 1790 σπονδὰς
1521 1728 1860 1795 ποιοῦνται]·

170 1817 677 1886 δενδροκοποῦνται
709 1813 815 1884 γὰρ
845 1817 907 1869 αι’
927 1817 1100 1885 χῶραι
1125 1824 1240 1879 τοῖς
1264 1814 1545 1884 πολέμοις·
1579 1815 1640 1868 ἐν
1665 1812 1858 1885 εἰρήνῃ

169 1903 230 1957 δὲ
269 1903 360 1957 καὶ
399 1901 465 1957 τὰ
514 1905 625 1957 τῶν
666 1900 915 1973 εὐωχιῶν
954 1902 1177 1971 θάλλει,
1227 1897 1310 1966 οἷς
1355 1898 1787 1971 ἀναγκαιότατος
1826 1899 1855 1956 ὁ

170 1988 324 2055 οἶνός
371 1991 499 2045 ἐστι.
575 1988 836 2061 τυγχάνει
885 1989 946 2045 δὲ
993 1988 1021 2045 ὁ
1072 1989 1356 2055 Διόνυσος
1402 1987 1523 2060 ἤτοι
1577 1988 1860 2057 [διόνυξος

286 2157 326 2198 4.
355 2149 586 2210 δημήτηρ]
614 2153 653 2196 δ.
679 2123 863 2208 λέγεται
890 2153 975 2196 Ml
1002 2177 1055 2183 —-
1082 2152 1223 2208 μυσιά
1248 2147 1375 2206 παρά
1404 2150 1459 2208 [τ.
1487 2176 1541 2182 -
1568 2155 1609 2194 5.
1636 2150 1857 2208 δυσξυμ-]

110 2240 114 2244 -
172 2209 339 2267 βλητόν
370 2228 414 2255 τι
448 2210 512 2267 ἕχ.
544 2211 611 2268 N1

289 2269 454 2314 XXIX.
490 2275 530 2314 7.
563 2266 588 2314 ὁ
623 2266 729 2323 ζεύς
760 2267 944 2325 λέγεται
970 2269 1053 2313 zbc
1086 2293 1139 2300 —
1173 2272 1213 2312 8.
1243 2263 1362 2312 καθ’
1390 2264 1512 2342 ἡμᾶς
1543 2264 1638 2325 (ὖμ.
1664 2268 1803 2325 Β)Ν,ι
1819 2265 1855 2311 b'

168 2325 287 2373 καθ’
315 2325 429 2385 ἡμῖν
453 2329 559 2372 LN
584 2323 695 2384 ἡμῖν
730 2329 772 2383 (i.
807 2329 837 2371 1.
872 2343 934 2372 er.
966 2328 1066 2372 lato
1092 2327 1169 2384 V2)
1187 2325 1295 2384 a'V2
1333 2323 1384 2370 ἐν
1408 2332 1520 2383 ημῖν
1546 2341 1569 2371 c
1594 2353 1645 2359 —
1683 2332 1750 2370 11.
1776 2327 1856 2370 τοῦ

168 2385 516 2443 διαφερομένου
540 2387 693 2444 LV1b
720 2413 773 2419 —
811 2392 878 2432 13.
911 2383 994 2429 τὸν
1025 2389 1061 2431 λ.
1090 2387 1146 2456 εἳ]
1181 2382 1232 2429 τὸ
1267 2384 1419 2441 λέγειν
1450 2387 1593 2441 εἴρειν
1617 2387 1675 2429 Α.
1694 2385 1860 2428 Nauck

287 2445 427 2490 XXX.
456 2452 524 2491 16.
552 2444 855 2500 ἕδοξαςΝ-
875 2442 1066 2500 εἰρήνην
1092 2446 1117 2489 b
1157 2440 1345 2508 εἰρήνης
1361 2444 1423 2502 Β,ι
1446 2470 1500 2476 -
1531 2449 1598 2489 17.
1623 2441 1745 2488 εἶναι
1769 2444 1859 2487 τῶν

170 2501 212 2549 α’
225 2505 280 2563 V2
310 2497 373 2549 αὖ
405 2505 497 2548 τῶν
522 2501 583 2549 lb'
619 2500 775 2548 αὐτῶν
799 2505 854 2548 Ν
874 2502 1095 2559 εἰρῆσθαι
1120 2504 1212 2547 τῶν
1231 2517 1253 2547 c
1283 2509 1407 2547 εἰναι
1430 2500 1491 2553 ὡς
1515 2503 1608 2546 τῶν
1633 2502 1777 2546 Schm.
1802 2519 1875 2534 —“

172 2568 239 2608 18.
276 2563 356 2607 καὶ
388 2562 467 2607 διὰ
499 2563 560 2621 τ.]
595 2559 699 2607 ἐπεὶ
731 2562 782 2607 δὲ
820 2561 899 2607 καὶ
925 2559 1003 2606 διὰ
1030 2563 1177 2605 ταῦτα
1204 2575 1226 2605 c
1259 2557 1363 2606 ἐπεὶ
1387 2561 1467 2605 καὶ
1492 2563 1532 2604 δ.
1558 2578 1612 2617 τ.,
1643 2563 1745 2605 toto
1769 2561 1858 2604 hoc

170 2623 401 2666 commate
433 2625 542 2679 post
574 2618 599 2666 ὁ
633 2618 761 2672 οἶνός
795 2618 890 2666 ἐστι
922 2621 1089 2677 posite,
1115 2621 1261 2665 Schm.
1288 2646 1342 2652 —
1381 2625 1451 2663 20.
1483 2616 1858 2675 ἀναγκαιότατον

172 2681 248 2725 Pe
271 2706 326 2713 —-
360 2685 430 2726 21.
462 2678 684 2736 τυγχάνει
715 2679 767 2724 δὲ
802 2677 827 2724 ὁ
854 2682 894 2725 δ.
923 2681 1068 2735 (δυον.
1098 2680 1164 2735 Ρ)
1189 2676 1230 2723 α’
1245 2678 1300 2736 V2
1335 2695 1373 2722 τ.
1407 2676 1459 2722 δὲ
1492 2677 1572 2722 καὶ
1606 2674 1630 2722 ὁ
1663 2680 1704 2721 δ.
1738 2678 1788 2721 lb
1820 2693 1855 2719 τ.

171 2737 223 2784 δὲ
250 2739 330 2783 καὶ
359 2741 399 2783 ὃ.
419 2753 515 2783 e—
539 2744 591 2783 21
622 2741 669 2783 et
690 2755 735 2796 p.
756 2743 826 2794 58,
855 2744 892 2784 1.
921 2734 1044 2796 [ἤτοι
1069 2734 1285 2791 διόνυξος
1308 2731 1394 2794 ὢν]
1421 2733 1569 2792 ἢοῖον
1587 2736 1732 2780 Schm.
1756 2732 1858 2791 ἦτοι

170 2794 386 2851 διόνυξος
411 2792 475 2841 ὢν
500 2792 529 2854 ἢ
556 2796 657 2842 οἷον
683 2800 756 2842 Os.
783 2794 886 2853 ἤτοι
910 2793 1126 2849 διόνυξος
1155 2791 1219 2839 ὢν
1244 2790 1272 2850 ἢ
1301 2793 1442 2852 [οἷον]
1470 2808 1493 2839 c
1516 2791 1619 2851 ἤτοι
1643 2790 1858 2843 διόνυσος

1883 599 1904 632 5

1885 1038 1927 1070 10

1887 1475 1927 1508 15

1883 1927 1926 1959 20
