1998 3088
796 143 1128 188 EHIAPOMH.
1730 143 1803 196 33

111 263 209 331 τῆς
258 261 318 315 ἐκ
366 261 479 316 τῶν
528 256 958 329 ἀποβαινόντων
1007 262 1259 324 παιδείας
1307 260 1399 314 καὶ
1453 262 1801 331 ἐπιμηθείας·

112 353 188 422 τῷ
228 346 334 420 γὰρ
375 346 496 403 ὄντι
537 345 767 418 ερ”εχθὲν
802 347 868 402 δέ
902 368 959 401 τε
998 345 1195 417 νήπιος
1226 349 1404 417 ἔγνω.’
1482 346 1598 417 [διὰ
1637 352 1800 403 τοῦτο

112 436 221 508 γὰρ
270 439 335 509 τῇ
385 434 572 508 πρώτῃ
622 437 895 507 γενομένῃ
946 435 1170 504 γυναικὶ
1222 438 1551 506 συνοικῆσαι
1601 439 1802 492 τοῦτον

114 529 353 595 ἔφασαν·
392 520 807 594 ἀφρονέστερον
844 521 951 592 γάρ
990 542 1106 587 πως
1141 521 1210 593 δὴ
1250 522 1341 577 καὶ
1380 521 1441 578 τὸ
1474 526 1626 594 θῆλυ
1658 522 1799 579 εἶναι

111 613 205 667 καὶ
252 613 651 683 ἐπιμηθεῑσθαι
700 617 913 681 μᾶλλον
962 607 997 681 ἢ
1048 618 1468 682 προμηθεῖσθαι
1518 611 1801 681 πεφυκός]
1827 626 1849 659 ⁵

114 702 326 771 λέγεται
367 699 429 754 δὲ
467 698 575 755 ὑπό
622 720 795 754 τινων
839 699 931 753 καὶ
977 701 1089 753 τῶν
1127 701 1339 769 τεχνῶν
1385 697 1610 771 εὑρετὴς
1655 702 1805 770 γενέ-

115 796 250 843 σθαι
284 786 314 842 ὁ
348 785 692 859 Προμηθεὺς
723 783 799 841 δι’
831 784 1000 842 οὐδὲν
1040 784 1175 842 ἄλλο
1215 782 1248 857 ἢ
1283 786 1368 842 ὅτι
1408 788 1684 853 συνέσεως
1714 790 1805 843 καὶ

112 879 461 948 προμηθείας
507 879 596 930 δεῖ
637 875 776 947 πρὸς
820 873 922 946 τὴν
970 872 1192 945 εὕρεσιν
1240 871 1442 930 αὐτῶν.
1518 896 1559 930 c.
1603 879 1684 932 19.
1738 879 1811 931 Οἱ

112 969 338 1029 πλείους
366 963 556 1035 μέντοι
579 966 645 1036 τῇ
672 961 884 1037 Ἀθηνᾷ
914 963 1005 1018 καὶ
1028 961 1404 1038 τῷ“Ηφαίστφ
1431 961 1600 1028 αὐτὰς
1622 962 1808 1019 ἀνατι-

113 1054 305 1122 θέασι,
346 1055 412 1123 τῇ
452 1051 553 1123 μὲν
586 1050 824 1125 Ἀθηνᾷ,
869 1051 1057 1122 ἐπειδὴ
1098 1050 1375 1123 φρόνησις
1411 1051 1503 1106 καὶ
1550 1049 1807 1124 ἀγχίνοια
1834 1067 1876 1098 10

115 1139 260 1196 εἶναι
300 1144 479 1210 δοκεῖ,
517 1143 593 1214 τῷ
635 1139 697 1196 δὲ
727 1138 1011 1214 (Ηφαίστςο
1052 1138 1146 1195 διὰ
1175 1140 1238 1195 τὸ
1279 1138 1378 1204 τὰς
1410 1145 1666 1205 πλείστας
1696 1145 1808 1196 τῶν

113 1232 324 1301 τεχνῶν
365 1227 460 1283 διὰ
496 1226 672 1300 πυρὸς
708 1228 776 1283 τὰ
818 1228 1031 1283 ἑαυτῶν
1071 1231 1204 1300 ἔργα
1235 1227 1586 1283 ἀποδιδόναι.
1643 1226 1672 1284 ὁ
1706 1229 1807 1300 μὲν

115 1316 220 1388 γὰρ
262 1316 434 1390 αἰθὴρ
473 1317 564 1372 καὶ
602 1315 665 1372 τὸ
698 1316 925 1387 διαυγὲς
953 1316 1044 1372 καὶ
1075 1313 1332 1387 καθαρὸν
1363 1319 1474 1388 πῦρ
1505 1316 1644 1383 Ζεύς
1675 1318 1809 1386 ἐστι,

56 1469 62 1475 ,
115 1405 178 1462 τὸ
220 1404 272 1461 δ’
317 1408 379 1461 ἐν
425 1405 615 1477 χρήσει
659 1405 752 1459 καὶ
798 1403 1089 1476 ἄερομιγὲς
1120 1403 1504 1476 “Ηφαιστος,
1550 1404 1657 1461 ἀπὸ
1709 1411 1813 1463 τοῦ

115 1487 300 1565 ἧφθαι
340 1492 761 1564 ὠνομασμένος,
801 1491 942 1547 ὅθεν
981 1493 1073 1547 καὶ
1106 1494 1164 1548 ἐκ
1189 1491 1332 1556 Διὸς
1361 1493 1452 1547 καὶ
1471 1490 1645 1566 ”Ηρας
1676 1498 1806 1564 ἔφα·
1836 1507 1878 1539 15

118 1599 225 1636 σαν
258 1579 430 1636 αὐτὸν
463 1583 752 1651 γενέσθαι,
784 1579 928 1645 τινὲς
961 1580 1023 1636 δὲ
1055 1579 1230 1651 μόνης
1259 1585 1358 1651 τῆς
1382 1579 1575 1651 ”Ηρας·
1610 1584 1673 1636 αἱ
1699 1582 1808 1654 γὰρ

117 1671 321 1740 φλόγες
358 1670 832 1741 παχυμερέστεραί
864 1689 980 1734 πως
1020 1661 1181 1723 οὖσαι
1217 1665 1368 1723 ὦσαν
1409 1670 1467 1723 ἐκ
1498 1668 1679 1739 μόνου
1710 1679 1812 1725 τοῦ

120 1757 285 1830 ἀέρος
324 1758 720 1828 διακαιομένου
749 1755 853 1828 τὴν
884 1754 1192 1812 ὑπόστασιν
1225 1756 1587 1827 λαμβάνουσι.
1634 1758 1812 1828 χωλὸς

121 1847 182 1902 δὲ
213 1847 586 1918 παραδέδοται
624 1844 763 1916 τάχα
795 1844 899 1916 μὲν
932 1842 1027 1900 διὰ
1063 1843 1126 1900 τὸ
1165 1855 1397 1916 παχεῖαν
1435 1843 1539 1914 τὴν
1579 1844 1672 1899 διὰ
1717 1849 1812 1917 τῆς

120 1934 258 2005 ὕλης
317 1938 550 2003 πορείαν
611 1941 895 1989 ποιεῖσθαι
957 1944 1074 1998 τοῖς
1138 1931 1525 1999 ἐπισκάζουσιν
1589 1931 1808 2004 ὄμοιαν,
1833 1954 1880 1985 20

119 2022 256 2094 τάχα
290 2021 350 2077 δὲ
388 2019 495 2077 ἀπὸ
529 2024 630 2077 τοῦ
669 2019 742 2092 μὴ
783 2021 1067 2077 δύνασθαι
1107 2026 1433 2093 προβαίνειν
1474 2025 1600 2092 δίχα
1641 2021 1813 2087 ξυλώ-

121 2114 258 2175 δους
300 2107 453 2174 τινὸς
501 2106 655 2164 ὡσὰν
701 2108 966 2179 βάκτρου·
1027 2107 1174 2174 τινὲς
1225 2109 1311 2178 δέ,
1371 2109 1485 2164 ἐπεὶ
1535 2107 1638 2180 τὴν
1693 2108 1812 2165 ἅνω

241 2246 283 2286 2.
320 2239 495 2313 ῥἐχθεν
525 2237 700 2286 παθῶν
732 2243 870 2310 (corr.
900 2256 956 2286 ex
986 2238 1146 2292 πάθος
1175 2241 1250 2297 Ν)
1283 2239 1337 2285 δέ
1368 2257 1417 2285 τε
1450 2258 1491 2286 ν.
1527 2257 1563 2286 ε.
1596 2242 1622 2286 b
1654 2260 1693 2298 ρ.
1735 2242 1815 2286 καὶ

90 2309 100 2319 ‘
122 2298 296 2344 παθὼν
328 2298 384 2344 δέ
415 2316 462 2344 τε
496 2314 521 2344 c
552 2326 607 2332 —
642 2301 691 2345 Si
722 2306 764 2345 2.
796 2296 877 2344 διὰ
902 2301 1040 2346 τοῦτο
1066 2326 1121 2333 -
1155 2305 1195 2345 5.
1228 2296 1443 2353 πεφυκός
1474 2300 1676 2357 genuina
1708 2315 1815 2345 cen-

123 2373 247 2413 seas,
236 2356 360 2461 ,ὶδιά
390 2359 528 2403 τοῦτο
558 2360 674 2415 γοῦν
707 2363 779 2404 est
811 2360 1103 2404 scribendum
1127 2385 1182 2391 —
1209 2364 1248 2404 7.
1282 2354 1354 2404 ὅτι
1381 2359 1462 2403 καὶ
1487 2359 1716 2410 συνέσεως
1747 2360 1814 2415 (in

136 2418 179 2461 V
206 2435 267 2462 κα
318 2430 433 2462 eras.
485 2418 502 2462 l

241 2476 362 2520 XIX.
395 2419 629 2533 9.)με’ντοι
660 2473 780 2522 a'Vc
803 2475 1090 2534 μενΙιμεν,
1111 2477 1162 2521 Χ
1190 2493 1277 2531 μεν
1310 2474 1412 2521 ἐνό
1451 2502 1506 2509 -
1542 2482 1607 2521 13.
1642 2494 1682 2522 κ.
1717 2473 1811 2549 ἱτὸ]
1873 2519 1876 2521 μ

125 2537 235 2579 διαυ
238 2551 316 2591 γες
340 2550 370 2578 α
393 2560 451 2567 -—
476 2534 618 2606 [καὶ]
624 2535 845 2607 καθαρὸν
876 2536 931 2579 Ν
951 2562 1005 2568 —
1043 2542 1110 2582 17.
1143 2533 1280 2581 οὖσαι
1309 2536 1506 2580 XVNc
1529 2534 1646 2580 εἰσίν
1679 2539 1815 2592 (εισιν

126 2594 213 2666 Ν)
238 2553 403 2651 a'LN2
418 2589 457 2638 δ’
499 2619 555 2626 —
587 2590 651 2644 ὥς
682 2589 742 2638 ἂν
773 2591 919 2650 (ὦσαν
951 2595 1011 2650 L)
1038 2596 1101 2639 ab
1134 2592 1196 2646 ὥς
1230 2590 1330 2652 [αν]
1365 2594 1476 2664 111ἳο
1507 2619 1561 2627 -·
1603 2599 1669 2638 18.
1702 2598 1815 2649 λαμ·

125 2626 303 2709 βανωσι
333 2625 403 2709 N:
436 2668 597 2697 -ουσαι
623 2653 690 2711 N,
705 2653 748 2698 G
780 2679 836 2686 -
873 2659 940 2697 19.
971 2659 1175 2710 παχεῖαν
1200 2654 1320 2698 aNc
1352 2650 1413 2710 μὴ
1446 2658 1639 2708 ταχεῖαν
1671 2653 1717 2695 Β
1749 2653 1814 2696 la.-

126 2725 245 2755 cuna
275 2727 410 2767 χειαν
442 2710 484 2755 G
516 2736 572 2744 —
604 2717 673 2756 20.
715 2709 1066 2765 ἐπισκιάζουσιν
1099 2715 1259 2768 (-σκει-
1295 2713 1365 2766 X,
1406 2727 1501 2756 -σιν
1533 2726 1588 2755 ex
1628 2726 1715 2755 σαν
1745 2710 1814 2765 Ν)

130 2770 327 2885 [Xbczl—
353 2774 422 2814 21.
449 2768 501 2814 δὲ
527 2770 607 2814 καὶ
632 2767 727 2815 ἀπὸ
755 2772 814 2816 bc
839 2796 893 2803 —
920 2776 990 2815 22.
1016 2767 1187 2816 ὡσανεὶ
1213 2772 1272 2816 bc
1298 2796 1352 2803 —
1353 2746 1502 2827 ἐπεὶ]
1530 2766 1608 2813 διὰ
1636 2766 1688 2813 τὸ
1715 2782 1738 2813 c
1759 2793 1816 2801 ·-

154 2844 237 2883 την
292 2842 315 2872 c

218 2909 323 2942 Coun
301 2918 448 2951 κῦτος,
471 2910 528 2943 ed.
552 2912 670 2951 Lang.
1525 2907 1550 2944 3
