1998 3088
662 139 934 188 comch
963 139 1293 187 RECENsus,
1594 127 1598 131 ’
1737 161 1817 200 xv

129 269 330 330 addam,
370 269 500 316 teste
531 267 794 326 Anzionio,
834 265 1201 314 Laurentianae
1231 266 1503 327 praefecto,
1544 284 1589 330 p.
1628 271 1711 332 12,
1751 274 1814 320 19

128 343 179 391 in
219 343 310 390 hoc
349 341 514 390 codice
553 356 652 389 non
688 341 863 403 τμῆσιν
901 338 946 388 εἰ
983 339 1069 388 sed
1107 342 1284 402 λμησιν
1322 338 1372 387 εἴ
1403 333 1524 407 (sic)
1564 342 1680 404 legi.

282 416 365 464 16.
398 407 884 479 Giraldi·(Gyra1di)
918 406 1339 480 (1479—1552)
1372 415 1588 463 codicem
1619 417 1716 464 huc
1747 433 1821 465 re-

129 489 388 538 ferendum
423 503 534 536 esse
572 503 632 536 ex
672 489 742 536 eis
783 487 958 547 elucet,
999 502 1126 550 quae
1163 488 1324 535 multa
1363 504 1422 536 ex
1460 488 1549 536 illo
1589 494 1821 553 excerpta

128 563 182 612 in
218 563 316 611 viri
354 561 487 610 docti
525 562 759 623 operibus
800 554 901 627 (ed.
940 561 1136 610 Iensius
1176 577 1219 610 a.
1264 563 1428 623 16963
1477 563 1537 612 cf.
1576 563 1819 626 imprimis

129 641 248 685 tom.
287 636 313 684 I
350 652 399 697 p.
441 630 574 700 302)
615 637 892 683 occurrunt.

278 708 372 759 III.
413 707 564 757 Codd.
603 708 802 771 generis
834 723 882 770 c,
923 708 1056 770 quod
1091 710 1169 756 est
1199 706 1537 759 deterrimum.
1599 710 1822 774 Vulgata

131 799 260 846 quae
293 782 474 831 dicitur
503 783 798 845 plerumque
824 797 883 831 ex
905 783 998 831 hoc
1021 797 1205 844 genere
1229 782 1395 845 fiuxit,
1433 783 1583 846 idque
1607 785 1822 834 maxime

133 873 193 906 ex
230 856 424 905 familia
462 855 508 920 β.
1163 851 1167 856 ’

279 924 336 996 α)
385 931 431 978 ei
476 930 635 991 codd.,
687 930 774 993 qui
811 930 1133 992 inscriptione
1178 945 1332 993 prope
1384 930 1448 978 ad
1502 947 1534 979 a
1584 933 1824 980 accedunt

157 1004 271 1053 vide
309 1019 355 1066 p.
400 998 472 1068 1).

132 997 155 1071 <
284 1080 368 1127 17.
405 1077 726 1127 Florentinus
757 1077 1125 1126 Laurentianus
1164 1078 1230 1139 pl.
1266 1078 1334 1126 58
1369 1078 1473 1127 cod.
1502 1080 1585 1141 13,
1626 1076 1824 1128 Osanno

132 1151 281 1201 Laur.
324 1154 376 1212 3,
419 1151 606 1200 saeculi
642 1151 750 1199 XV.

285 1227 370 1274 18.
407 1225 629 1274 Venetus
669 1225 953 1273 Marcianus
994 1226 1125 1285 513,
1163 1224 1295 1273 XIV.
1338 1226 1534 1275 saeculi.

288 1301 372 1348 19.
410 1299 634 1348 Venetus
681 1299 965 1346 Marcianus
1006 1299 1136 1354 531,
1175 1299 1282 1346 XV.
1324 1300 1532 1360 saeculi,
1579 1302 1828 1350 consentit

134 1388 246 1423 cum
291 1373 543 1421 Marciano
591 1373 713 1422 513.
796 1372 936 1420 Duae
982 1372 1036 1420 in
1079 1373 1173 1421 hoc
1219 1373 1384 1421 codice
1434 1375 1552 1421 sunt
1602 1376 1830 1436 opusculi

136 1445 374 1496 Cornutei
417 1446 791 1508 inscriptiones,
845 1461 946 1494 una
997 1461 1203 1508 prorsus
1259 1462 1371 1494 cum
1422 1462 1480 1495 ea
1536 1463 1826 1510 congruens,

136 1535 284 1583 quam
322 1535 412 1569 nos
452 1535 624 1569 veram
660 1520 1010 1580 iudicavimus,
1050 1521 1211 1568 altera
1249 1521 1446 1581 qualem
1484 1537 1533 1582 p.
1577 1524 1602 1568 1
1646 1521 1700 1569 in
1736 1522 1829 1571 hoc

136 1594 301 1643 codice
340 1609 582 1656 apparere
622 1594 808 1642 dictum
848 1596 939 1643 est.
1015 1592 1200 1642 Scribit
1250 1596 1420 1642 autem
1456 1594 1580 1642 mihi
1618 1594 1828 1658 Veludo,

135 1669 214 1718 vir
252 1667 591 1727 doctissimus,
630 1667 942 1716 Bessarionis
977 1682 1129 1715 manu
1157 1667 1300 1715 illam
1336 1667 1555 1729 priorem
1587 1670 1829 1731 conscrip-

136 1745 242 1790 tam
280 1741 453 1791 videri.
521 1741 698 1803 Itaque
737 1740 870 1804 quod
909 1739 1220 1790 Gaisfordius
1260 1741 1323 1788 ad
1354 1740 1519 1789 Procli
1550 1740 1828 1793 Chrestom.

135 1831 184 1878 p.
210 1816 315 1864 477
356 1816 604 1863 memorat
639 1815 788 1863 huius
820 1815 925 1863 cod.
958 1814 1330 1876 inscriptionem
1362 1829 1472 1863 esse
1507 1810 1829 1879 Φουρνούτου

138 1882 340 1952 ἐπιτομὴ
395 1885 505 1951 περὶ
556 1885 655 1937 τῶν
681 1885 1114 1953 ,παραδεδομένων
1158 1885 1269 1951 περὶ
1313 1889 1475 1950 θεῶν,
1528 1888 1608 1937 vir
1654 1889 1829 1938 doctus

139 1963 344 2012 erravit.
371 1988 433 1995 —
462 1961 542 2010 Ad
572 1961 721 2010 finem
753 1962 1000 2025 opusculi,
1038 1962 1124 2010 ubi
1148 1961 1315 2010 deficit
1345 1957 1411 2022 σς,
1451 1962 1590 2010 cuius
1632 1963 1832 2024 quidem

138 2036 358 2084 familiae
389 2035 659 2098 scripturas
697 2036 750 2083 in
789 2036 960 2084 critica
999 2035 1307 2097 supellectile
1345 2035 1543 2097 generis
1584 2036 1726 2098 signo
1759 2030 1829 2104 (c)

138 2110 444 2172 notavimus,
491 2110 638 2158 huius
687 2110 868 2158 codicis
916 2109 1152 2158 lectiones
1203 2125 1260 2157 eo
1309 2109 1451 2171 signo
1490 2109 1832 2160 indicavimus,

236 2225 239 2227 ,
293 2185 377 2233 20.
415 2182 686 2232 Vaticanus
731 2185 888 2245 1314,
927 2182 1035 2231 XV.
1075 2183 1275 2231 saeculi.

292 2258 376 2306 21.
415 2257 727 2305 Matritensis
755 2259 838 2320 66,
870 2256 977 2307 XV.
1004 2257 1203 2319 saeculi,
1244 2255 1519 2305 Cornutum
1553 2250 1833 2323 (OEpovva-

141 2347 227 2379 του
281 2328 335 2378 ἐκ
387 2332 485 2379 τῶν
536 2328 952 2395 παραδεδομένων
997 2324 1236 2395 ἐπιδρομὴ
1285 2324 1406 2378 κατὰ
1443 2323 1535 2392 τὴν
1574 2326 1833 2394 ἕλληνικὴν

143 2399 383 2469 θεωρίαν)
425 2405 477 2452 et
512 2404 877 2466 Palaephatum
916 2405 1172 2454 continens
1188 2396 1243 2469 ¹).

192 2538 195 2539 ⁷
294 2480 378 2526 22.
417 2477 674 2527 Parisinus
717 2480 882 2538 3052,
924 2477 1124 2527 Osanno
1165 2477 1322 2525 Paris,
1365 2479 1418 2537 5,
1458 2477 1590 2526 XVI.
1634 2478 1840 2533 saeculi.

268 2678 311 2732 1)
345 2676 412 2721 Of.
446 2676 630 2722 Ioannis
660 2676 885 2722 Iriartii
916 2677 1090 2734 Regiae
1113 2675 1531 2721 bibl.Matritensis
1555 2677 1655 2721 cod.
1681 2690 1831 2734 graec.

148 2739 276 2791 1789,
307 2733 509 2790 Matriti3
548 2735 598 2779 in
637 2750 776 2792 quem
814 2735 987 2780 librum
1026 2749 1131 2779 cum
1163 2737 1273 2780 ante
1312 2749 1484 2793 paucos
1516 2734 1703 2779 demum
1735 2735 1832 2779 dies

145 2793 410 2896 inciderinlr,
451 2794 623 2839 codicis
653 2794 941 2840 Matritensis
981 2795 1106 2851 quod
1137 2810 1181 2852 p.
1218 2799 1238 2837 1
1284 2794 1414 2839 nulla
1451 2794 1504 2838 fit
1542 2794 1718 2838 mentio
1758 2807 1834 2836 ex·

148 2865 277 2897 cuses
307 2867 362 2898 ve
385 2867 461 2897 xm.
