1998 3088
791 140 1122 183 EmAPOMH.
1772 142 1806 193 5

121 255 354 326 ξαμένης
393 256 512 325 ρ”εῐν
550 255 642 310 καὶ
673 259 926 326 κραίνειν
963 254 1029 310 τὰ
1072 254 1207 311 ὄντα
1238 254 1375 311 κατὰ
1406 255 1535 322 τοὺς
1574 258 1635 312 ἐν
1669 254 1809 330 αὑτῇ

117 341 321 412 λόγους
367 345 464 415 τῆς
511 342 746 414 φύσεως.
822 350 1066 400 καλεῖται
1118 343 1180 399 δὲ
1216 342 1408 415 ’Ἅιδης
1458 340 1492 415 ἢ
1541 343 1627 400 ὅτι
1676 344 1809 401 καθ’

118 429 319 486 ἑαυτὸν
371 429 608 502 ἀόρατός
659 434 834 502 ἐστιν,
894 433 1033 488 ὅθεν
1078 432 1170 487 καὶ
1226 434 1575 506 διαιροῦντες
1626 430 1818 504 ’Λΐδην

118 514 293 574 αὐτὸν
345 517 744 591 ὀνομάζουσιν,
798 516 831 590 ἢ
879 518 998 575 κατ’
1048 518 1386 591 ἀντίφρασιν
1436 518 1589 578 ὡσὰν
1637 520 1665 578 ὁ
1723 521 1818 578 ἁν-

120 605 311 662 δάνων
357 604 514 678 ἡμῖν·
571 612 649 674 εἰς
692 611 896 664 τοῦτον
944 607 1049 681 γὰρ
1097 621 1301 680 χωρεῖν
1347 607 1481 681 ἡμῖν
1530 608 1668 666 κατὰ
1717 609 1816 666 τὸν
1840 632 1861 664 5

118 693 373 750 θάνατον
413 697 476 750 αἰ
508 697 680 767 ψυχαὶ
726 698 993 751 δοκοῦσιν
1039 694 1237 767 ἥκιστα
1283 695 1634 763 ἁνδάνοντος
1682 696 1820 769 ἡμῖν

118 786 220 845 τοῦ
257 783 530 843 θανάτου.
605 785 699 840 καὶ
738 783 1014 840 Πλούτων
1061 783 1124 840 δὲ
1172 786 1380 856 ἐκλήθη
1431 785 1524 840 διὰ
1572 785 1633 841 τὸ
1684 785 1820 841 πάν-

119 892 231 927 των
271 871 761 944 φθαρτῶνόντων
800 871 976 944 μηδὲν
1017 870 1162 928 εἶναι
1203 869 1232 928 ὃ
1263 872 1349 944 ’μὴ
1381 880 1698 930 τελευταῖον
1740 878 1818 940 εἰς

121 958 293 1016 αὐτὸν
324 960 709 1017 κατατάττεται
735 962 829 1017 καὶ
860 959 1036 1017 αὐτοῦ
1066 964 1246 1032 κτῆμα
1276 965 1501 1032 γίνεται.
1550 983 1593 1018 c.
1618 965 1667 1018 6.
1714 965 1821 1033 Τῆς

121 1047 184 1104 δὲ
218 1046 394 1114 Ῥέας
431 1048 567 1106 κατὰ
607 1049 710 1121 τὴν
748 1049 1263 1121 παραδεδειγμένην
1302 1048 1468 1121 ῥύσιν
1509 1052 1819 1106 εἰδοποιου-
1847 1073 1888 1105 ιο

120 1138 289 1208 μένης
329 1137 552 1204 εἰκότως
598 1136 707 1209 ἤδη
746 1139 839 1193 καὶ
877 1135 981 1209 τὴν
1018 1141 1132 1193 τῶν
1187 1136 1415 1210 ὄμβρων
1455 1140 1640 1193 αἰτίαν
1686 1134 1821 1192 ἀνα-

121 1227 370 1291 τιθέντες
423 1223 563 1298 αὐτῇ
573 1267 589 1295 ,
648 1223 738 1281 ὅτι
793 1223 866 1291 ὡς
922 1225 1010 1280 ἐπὶ
1055 1224 1117 1281 τὸ
1172 1225 1316 1281 πολὺ
1379 1223 1512 1297 μετὰ
1564 1227 1822 1296 βροντῶν

121 1313 214 1368 καὶ
260 1311 558 1385 ἀστραπῶν
607 1317 902 1385 συμβαίνει
947 1316 1236 1384 γίνεσθαι,
1288 1314 1382 1369 καὶ
1435 1311 1644 1384 ταύτην
1690 1333 1824 1384 παρ-

123 1400 424 1472 εισήγαγον
463 1401 771 1473 τυμπάνοις
803 1402 897 1457 καὶ
927 1401 1236 1474 κυμβάλοις
1264 1403 1358 1457 καὶ
1388 1405 1704 1474 κεραυλίαις
1733 1405 1820 1456 καὶ

124 1493 612 1561 λαμπαδηφορίαις
650 1494 974 1562 χαίρουσαν.
1037 1490 1151 1545 ἐπεὶ
1185 1487 1237 1545 δ’
1268 1489 1497 1545 ἄνωθεν
1531 1492 1590 1545 οἱ
1617 1476 1820 1561 ὅμβροι
1847 1512 1888 1545 15

124 1577 544 1650 καταράττουσι,
583 1580 867 1648 πολλαχοῦ
902 1576 965 1632 δὲ
995 1577 1087 1632 καὶ
1122 1575 1232 1632 άπὸ
1266 1581 1379 1632 τῶν
1413 1575 1563 1649 ὀρῶν
1602 1576 1823 1648 ἐπερχό-

126 1688 284 1737 μενοι
324 1671 651 1737 φαίνονται,
694 1668 938 1737 [πρῶτον
978 1665 1080 1737 μὲν
1117 1664 1221 1736 τὴν
1253 1665 1415 1736 Ἴδην
1449 1659 1822 1736 ἐπωνόμασαν

127 1754 287 1828 αὐτῇ,
342 1756 619 1827 μετέωρον
674 1751 804 1825 ὅρος
856 1754 948 1808 καὶ
1000 1751 1030 1810 ὃ
1087 1753 1374 1825 μακρόθεν
1429 1757 1580 1808 ἔστιν
1635 1756 1819 1822 ἰδεῖν,]

128 1842 317 1915 ὀρείαν
358 1841 535 1912 αὐτὴν
573 1840 1031 1913 προσηγόρευσαν
1070 1841 1164 1897 καὶ
1202 1840 1268 1896 τὰ
1306 1841 1670 1912 γενναιότατα
1708 1845 1822 1897 τῶν

252 2010 290 2049 1.
325 2000 377 2049 ἒν
409 1999 530 2059 αὐτῇ
564 2003 711 2048 Schm.
746 1999 796 2048 ἐν
827 1998 949 2072 αὐτῇ
984 2017 1013 2047 α
1047 1999 1097 2047 ἐν
1130 1998 1256 2057 αὐτῷ
1291 2003 1437 2060 bcM2
1475 2028 1530 2034 ——
1566 2007 1607 2046 2.
1622 1998 1669 2073 ἢ
1702 1999 1822 2059 τάχα

127 2080 202 2108 οτι
233 2078 264 2108 α
296 2089 350 2095 -
391 2067 431 2106 2.
465 2067 506 2106 3.
547 2057 666 2106 καθ’
702 2057 874 2106 ἑαυτὸν
906 2076 936 2106 α
975 2057 1095 2105 καθ’
1130 2058 1277 2106 αὑτὸν
1313 2074 1337 2106 c
1376 2057 1483 2105 κατ’
1519 2057 1667 2106 αὐτὸν
1708 2063 1733 2106 b
1766 2086 1821 2094 —

130 2127 170 2167 3.
203 2128 245 2168 4.
278 2117 421 2192 αΐὸην
454 2117 602 2175 (άΐδιν
631 2120 704 2178 Ν)
738 2116 887 2165 αὐτὸν
913 2122 939 2166 b
970 2117 1085 2164 άΐὸα
1118 2116 1267 2165 αὐτὸν
1298 2133 1322 2165 c
1352 2116 1499 2164 αὐτὸν
1531 2117 1644 2176 αΐδη
1646 2136 1674 2164 ν
1705 2135 1735 2164 a
1767 2146 1821 2152 -

128 2188 170 2226 4.
210 2178 503 2238 ὀνομάζομεν
542 2181 602 2224 bc
641 2206 695 2212 —
745 2176 918 2224 ὡσανεὶ
957 2181 1015 2225 bc
1061 2206 1115 2212 -
1158 2185 1198 2225 5.
1239 2176 1351 2237 ἡμῖν
1385 2179 1415 2237 [·
1449 2177 1518 2230 εἰς
1554 2180 1725 2224 τοῦτον
1767 2205 1822 2211 —-

130 2236 265 2309 ημῖν]
305 2240 389 2284 τοῦ
431 2235 648 2283 θανάτου
689 2239 747 2284 bc
788 2264 843 2271 --
885 2243 923 2284 7.
957 2243 999 2283 8.
1038 2235 1229 2283 πάντων
1269 2254 1309 2283 ο.
1349 2241 1438 2295 φθ.
1476 2251 1499 2282 c
1539 2263 1593 2270 —
1634 2243 1673 2282 9.
1715 2254 1824 2282 κατ·

128 2296 437 2401 αγετιθΙΗόἳΙ
466 2361 534 2401 12.
567 2353 882 2400 ἀνατιθέασιν
908 2358 942 2413 (-
946 2371 1025 2400 ασ-
1049 2370 1141 2401 non
1166 2356 1280 2401 satis
1303 2370 1416 2413 pure
1440 2355 1515 2424 N)
1548 2356 1606 2399 bc
1638 2380 1693 2387 —
1727 2349 1822 2411 ὅτι]

131 2432 204 2460 οτι
237 2414 291 2461 δε
325 2416 552 2470 (anteced.
586 2411 915 2470 ἀνατιθέασιν)
948 2415 1093 2460 Schm.
1126 2440 1181 2447 —-
1215 2411 1277 2466 ὡς
1310 2412 1428 2473 [ἐπὶ]
1468 2410 1520 2458 τὸ
1554 2410 1673 2458 πολὺ
1705 2428 1736 2458 a
1768 2438 1823 2445 —

134 2480 203 2520 13.
238 2474 359 2532 [καὶ]
393 2472 569 2530 ταύτην
597 2475 648 2517 Χ
670 2498 728 2507 ——
762 2479 925 2520 13.14.
957 2472 1327 2545 παρεισάγουσι
1319 2487 1343 2518 c
1368 2499 1423 2505 —
1455 2478 1523 2517 14.
1555 2473 1865 2529 κεραυλίαις

131 2548 162 2578 a
192 2535 468 2605 κεραυνίαις
496 2534 521 2577 b
554 2538 805 2589 κεραυνοῖς
836 2546 860 2578 c
891 2558 947 2565 —
986 2532 1068 2577 καὶ
1101 2532 1260 2578 Osoerm
1299 2527 1329 2589 ἢ
1365 2532 1403 2576 Ο
1435 2557 1490 2565 -
1531 2536 1599 2576 15.
1634 2527 1737 2576 ἐπεὶ
1770 2528 1823 2574 δὲ

132 2593 191 2637 bc
223 2589 388 2662 ἐπειδὴ
420 2587 468 2635 δ’
507 2591 579 2636 Os.
612 2593 677 2636 ed.
713 2617 766 2624 ·—
802 2589 891 2650 [οἱ]
924 2587 1088 2649 ὄμβροι
1120 2592 1180 2637 bc
1212 2616 1267 2624 —-
1310 2596 1378 2635 16.
1418 2586 1764 2661 καταράσσουσι
1794 2603 1826 2633 a

133 2648 503 2721 καταρράσσουσι
538 2664 594 2694 ex
625 2651 1000 2707 κατακέρασουσι
1029 2650 1085 2694 Ν
1110 2649 1422 2722 καταρρέουσι
1452 2646 1491 2693 b'
1539 2647 1823 2705 καταρροῦσι

132 2709 201 2767 Ν,Ι
227 2706 598 2765 κατακεράσουσι
623 2723 647 2753 c
677 2735 731 2742 —
750 2715 831 2754 1.6
863 2715 930 2755 17.
966 2706 1140 2767 ἑπερχ]
1171 2705 1335 2780 άπερχ.
1353 2709 1418 2766 N
1449 2733 1504 2740 —
1534 2712 1600 2752 1⁷.
1628 2708 1824 2774 φαίνον-

134 2783 212 2811 ται
237 2768 276 2812 Ο
300 2766 527 2824 φέρονται
550 2767 846 2838 Wytte‘nbach
869 2795 924 2800 —
953 2774 1022 2813 19.
1046 2765 1429 2825 προσηγόρευσαν
1453 2781 1483 2811 a
1505 2761 1823 2822 προσαγορεύ-

136 2840 300 2876 σαντες
324 2827 350 2871 b
382 2825 810 2882 προσαγορεύοντες
827 2841 871 2881 σς
904 2828 1058 2871 totum
1081 2828 1235 2872 locum
1260 2827 1482 2871 Villoison
1506 2824 1572 2869 sie
1598 2824 1823 2879 refingere
