1998 3088
832 135 1165 181 ΕΠΙΔΡΟΜΗ.
1765 137 1836 188 47

153 270 268 316 πως
315 247 398 306 ἐπ’
449 246 619 321 αὐτῆς
668 249 770 321 τὴν
816 250 1016 321 πυγήν.
1093 272 1134 307 e.
1173 254 1261 308 25.
1324 250 1508 309 Οὐδὲν
1557 254 1619 309 δὲ
1667 255 1840 324 παρά-

154 341 322 405 δοξον
362 341 413 394 εἰ
447 337 677 411 τοιαύτῃ
719 336 859 410 οὔσῃ
900 337 1040 411 αὐτῇ
1081 343 1410 410 συντιμᾶται
1455 341 1546 396 καὶ
1592 342 1839 412 συμπάρ-

153 443 303 482 εστιν
329 424 359 482 ὁ
377 425 607 498 ’Ἑρως,
624 429 737 482 τῶν
754 431 1028 482 πλείστων
1052 427 1144 482 καὶ
1165 426 1494 500 Ἀφροδίτης
1515 428 1644 484 υἱὸν
1667 429 1839 485 αὐτὸν

152 514 654 586 παραδεδωκότων,
696 511 757 578 ὃς
790 513 859 585 δὴ
891 525 1020 580 παῖς
1050 517 1152 586 μέν
1186 517 1299 571 ἐστι
1333 515 1425 571 διὰ
1455 515 1516 571 τὸ
1542 515 1705 587 ἀτελῆ
1738 516 1839 588 τὴν

151 602 383 674 γνώμην
421 603 512 657 καὶ
552 600 955 673 εὖεξαπάτητον
996 607 1139 675 ἔχειν
1170 603 1302 669 τοὺς
1333 606 1598 674 ἐρῶντας,
1636 625 1838 677 πτερω·
1863 623 1884 655 5

152 690 245 756 τός
285 692 370 760 δέ,
411 689 495 746 ὅτι
534 690 855 762 κουφόνους
891 703 1042 747 ποιεῖ
1069 689 1102 762 ἢ
1144 690 1228 747 ὅτι
1261 691 1335 757 ὡς
1367 692 1522 765 ὅρνις
1555 691 1641 748 ἀεὶ
1672 710 1840 765 προσ-

157 783 373 835 ίπταται
403 790 522 845 ταῖς
555 782 833 845 διανοίαις
860 778 1112 852 ἀθρόως,
1143 779 1371 852 τοξότης
1403 783 1474 852 δ’,
1515 782 1629 837 ἐπεὶ
1659 785 1839 854 πληγῇ

149 890 261 924 τινι
301 866 498 939 ὅμοιον
537 866 646 924 άπὸ
685 871 782 939 τῆς
819 867 1146 941 προσόψεως
1194 872 1252 924 οἰ
1293 867 1647 940 ἁλισκόμενοι
1691 867 1839 944 αὐτῷ

149 955 486 1028 πάσχουσιν,
527 955 653 1012 οὔτε
684 956 1090 1027 πλησιάσαντες
1122 956 1255 1013 οὐθ’
1300 956 1576 1029 ἁψάμενοι
1605 960 1719 1013 τῶν
1748 979 1842 1012 κα·

149 1049 291 1116 λῶν,
330 1044 470 1101 ἀλλὰ
511 1045 797 1119 μακρόθεν
835 1044 1039 1112 αὐτοὺς
1078 1046 1294 1112 ἰδόντες
1335 1051 1368 1116 [·
1402 1048 1732 1102 ἀποδίδοται
1779 1045 1839 1101 δὲ
1866 1063 1907 1096 10

148 1134 239 1188 καὶ
271 1134 486 1205 λαμπὰς
515 1132 685 1209 αὐτῷ,
716 1137 934 1203 πυροῦν
968 1137 1230 1190 δοκοῦντι
1254 1134 1351 1200 τοὶς
1373 1133 1593 1206 ψυχάς].
1623 1133 1841 1205 ’Ἑρωτα

151 1221 202 1277 δ’
248 1220 420 1278 αὐτὸν
458 1225 720 1293 εἰρῆσθαι
758 1222 1010 1278 πιθανὸν
1048 1222 1156 1278 ἀπὸ
1195 1226 1292 1294 τῆς
1332 1223 1691 1294 ἐπιζητήσεως
1727 1226 1841 1278 τῶν

150 1311 470 1381 ἐρωμένων·
515 1309 765 1366 τάττεται
803 1310 911 1382 γὰρ
952 1312 1039 1367 ἐπὶ
1077 1315 1180 1367 τοῦ
1220 1317 1399 1383 ζητεῖν
1444 1310 1505 1367 τὸ
1546 1314 1718 1383 ἐρεῖν,
1768 1308 1841 1376 ὡς

151 1407 361 1469 εἴρηται
399 1398 462 1454 τὸ

488 1485 702 1557 Ἴφιτος
742 1481 876 1542 αὖθ’
919 1490 1121 1552 ἵππους
1161 1489 1334 1557 ἐρέων
1378 1521 1463 1556 -,
1865 1504 1907 1537 15

150 1577 441 1645 ἐντεῦθεν,
484 1574 662 1646 οἶμαι,
708 1576 799 1630 καὶ
846 1579 944 1646 τῆς
987 1575 1216 1648 ἐρεύνης
1262 1574 1674 1647 ὠνομασμένης.
1749 1576 1841 1630 καὶ

149 1668 374 1729 πλείους
407 1662 468 1718 δὲ
491 1662 731 1734 ’Ἑρωτες
761 1666 1167 1734 παραδίδονται
1201 1661 1294 1717 διὰ
1325 1662 1428 1733 τὴν
1458 1667 1839 1733 πολυτροπίαν

149 1755 260 1807 τῶν
301 1750 559 1823 ἐρώντων
602 1751 714 1820 [καὶ
753 1750 816 1807 τὸ
859 1757 1085 1816 πολλοῖς
1122 1750 1397 1816 τοιούτοις
1429 1747 1660 1814 ὀπαδοῖς
1689 1772 1840 1820 κεχο-

150 1843 434 1912 ρηγῆσθαι
480 1838 581 1911 τὴν
628 1838 1004 1911 Ἀφροδίτην]
1090 1846 1334 1894 καλεῖται
1386 1838 1447 1893 δὲ
1496 1838 1589 1893 καὶ
1624 1836 1842 1909 Ἵμερος

150 1935 334 1984 εἷ’τουν
371 1926 519 1999 παρὰ
559 1926 620 1983 τὸ
662 1931 851 1983 ἵεσθαι
889 1929 980 1982 καὶ
1022 1928 1294 1999 φέρεσθαι
1332 1928 1417 1982 ἐπὶ
1456 1927 1559 1998 τὴν
1599 1925 1839 1982 άπόλαυ-
1864 1944 1907 1977 20

152 2034 243 2071 σιν
281 2020 394 2072 τῶν
436 2013 658 2086 ὡραίων
699 2014 1096 2088 ὠνομασμένος
1134 2022 1240 2071 εἴτε
1286 2014 1424 2070 κατὰ
1470 2019 1703 2086 μίμησιν
1743 2017 1840 2085 τῆς

151 2105 274 2174 περὶ
327 2102 430 2176 τὴν
491 2103 753 2160 διάνοιαν
808 2105 1110 2170 ἐκστάσεως
1158 2101 1232 2169 ὥς
1286 2108 1660 2174 μεμωρῶσθαι
1715 2102 1840 2172 περὶ

272 2243 308 2281 1.
343 2233 429 2281 ἀπ’
464 2233 612 2293 αὐτῆς
643 2236 790 2283 Schm.
825 2263 879 2269 —-
911 2232 1066 2293 πυγήν
1100 2236 1344 2281 Clauserus
1373 2233 1562 2292 πυγμήν
1597 2235 1738 2293 ΟςΝ,
1781 2235 1839 2278 ad

152 2292 292 2352 ἄφοσ.
317 2296 366 2340 in
390 2296 601 2353 margine
627 2295 832 2353 scripsit:
865 2297 1071 2352 religiose
1093 2296 1398 2349 observantes,
1428 2294 1542 2338 item
1567 2294 1626 2338 ad
1651 2291 1838 2350 πυγμὴν

150 2354 274 2399 inter
298 2355 465 2400 lineas:
491 2369 723 2412 puynum;
755 2355 822 2411 Ns
851 2354 1098 2411 marginali
1122 2354 1207 2398 illa
1228 2356 1342 2398 nota
1366 2354 1522 2397 deleta
1546 2353 1667 2397 inter
1693 2352 1840 2396 lineas

154 2413 340 2471 scripsit
369 2415 661 2470 repudiantes
694 2416 742 2458 et
765 2428 976 2472 puynum
1008 2413 1056 2458 in
1083 2427 1291 2470 pugnam
1323 2412 1523 2456 mutavit

268 2472 410 2517 XXV.
443 2477 483 2517 2.
517 2477 558 2517 3.
601 2469 906 2545 συμπάρεστι]
951 2473 1355 2529 συμπαραγίνεται
1387 2485 1410 2515 c
1440 2496 1496 2503 ——
1536 2475 1577 2514 6.
1609 2466 1687 2514 ἀεὶ
1717 2484 1747 2513 a
1778 2463 1863 2525 ἂν

151 2530 207 2575 Ν
226 2531 312 2589 [α.]
338 2527 412 2576 b'c
444 2557 499 2564 —
535 2537 576 2576 8.
610 2532 738 2590 αυτῷ
772 2529 813 2575 α’
832 2532 886 2590 V2
899 2533 955 2576 N
958 2545 981 2575 c
1020 2526 1155 2575 αὐτοὶ
1188 2527 1329 2588 1N2b'
1365 2554 1420 2563 -—
1457 2534 1524 2575 10.
1558 2525 1838 2573 ἀποδίδοται

150 2590 288 2646 Lanq
312 2586 593 2635 ἀναδίδοται
612 2590 650 2635 O
675 2616 729 2622 —
758 2596 826 2637 11.
855 2590 975 2694 [καὶὲΙ
1002 2604 1026 2635 c
1044 2616 1095 2622 —
1116 2586 1264 2648 αὐτῷ]
1288 2594 1382 2639 -οῐς
1393 2588 1457 2645 N¹
1473 2590 1488 2631 l
1503 2614 1562 2620 —
1582 2593 1648 2631 15.
1670 2583 1837 2643 ἐρέων]

152 2645 396 2705 διζήμενος
427 2649 561 2695 Hom.
597 2666 632 2704 φ
664 2655 720 2694 22
754 2675 808 2682 —
850 2654 916 2694 18.
978 2645 1166 2704 ρώντων
1199 2645 1433 2705 (ἐρώντων
1461 2647 1522 2702 V)
1539 2646 1623 2690 aB
1655 2642 1840 2701 ἐρώτων

150 2706 280 2752 NGc
311 2733 365 2740 -—
399 2705 450 2752 τὸ
482 2711 667 2759 πολλοῖς
691 2705 760 2753 αό
790 2709 853 2766 τῷ
887 2724 933 2754 π.
961 2709 1011 2752 lb
1037 2733 1091 2740 —
1117 2702 1316 2757 ὀπαδοῖς
1351 2703 1391 2750 α’
1410 2705 1467 2763 V²
1509 2701 1691 2749 ὀπαδὸν
1724 2704 1837 2758 (-οδ-

153 2766 212 2820 G)
251 2765 288 2810 b‘
331 2762 516 2811 ὀπαδὸν
558 2766 632 2811 ΝΖ
671 2793 727 2799 -
769 2772 838 2811 22.
881 2764 943 2817 ὡς
981 2766 1297 2823 μεμωρῶσθαι
1335 2765 1472 2822 Lanq
1511 2763 1590 2807 καὶ
1630 2762 1838 2819 μεμωρῆ-

152 2828 267 2868 σθαι
299 2826 395 2882 (με·
421 2841 521 2882 μορ.
571 2826 634 2882 P)
666 2827 723 2870 ab
759 2822 821 2876 ὡς
844 2821 1266 2882 άναμεμωρεῐσθαι
1297 2837 1320 2868 c
1345 2819 1406 2874 ὡς
1430 2822 1736 2879 μεμωρῆσθαι
1765 2820 1836 2864 Os.
