1998 3088
171 139 242 191 64
824 135 1195 178 KOPNOTTOT

171 263 448 311 ικνεῖσθαι
487 254 578 308 καὶ
623 252 760 308 κατὰ
799 251 861 308 τὸ
911 251 1145 307 ἔντονόν
1190 273 1241 306 τι
1281 255 1424 322 ἔχειν
1463 252 1554 305 καὶ
1601 248 1703 320 τὴν
1742 252 1854 304 τῶν

171 347 349 414 βελῶν
390 343 575 413 φοράν
617 340 1039 412 [·στρατηλάτην
1081 338 1131 394 δ’
1178 337 1279 394 οὐκ
1325 341 1530 408 ἄλογον
1578 336 1855 402 τοιούτοις

173 429 363 495 ὅπλοις
392 428 701 506 πεποιθότα
734 433 810 493 εἰς
840 427 935 493 τὰς
956 427 1281 499 παρατάξεις
1305 424 1597 494 ἀπαντᾶν]
1642 429 1856 490 οἰκείως

173 518 234 572 δὲ
279 519 596 589 παρέδοσαν
641 515 814 572 αὐτὸν
861 520 1017 591 Κῷοι
1068 519 1131 588 τῇ
1169 513 1313 586 ’“Ήβῃ
1361 517 1733 577 συνοικοῦντα
1783 511 1860 578 ὥς

129 621 148 654 5
175 603 631 676 ὁλοσχερέστερον
667 600 883 672 [αὐτὸν]
916 603 1018 673 τὴν
1058 601 1317 657 διάνοιαν
1354 599 1513 670 ὄντα,
1555 598 1629 664 ὡς
1659 602 1859 667 εἴρηται

317 724 462 779 νέων
502 743 553 776 τι
595 725 736 792 δρᾶν
777 720 877 792 μὲν
917 717 1282 792 εὐτονώτεραι
1319 719 1494 791 χέρες,

318 808 490 881 ψυχαὶ
530 807 580 863 δ’
625 807 889 879 ἀμείνους
926 811 1039 864 τῶν
1077 807 1410 878 γεραιτέρων
1449 806 1608 863 πολύ.

171 926 397 982 ὑπονοῶ
441 926 502 982 δὲ
539 926 630 981 καὶ
669 924 771 996 τὴν
802 923 930 995 παρ’
971 922 1213 997 Ὀμφάλῃ
1255 929 1513 994 λατρείαν
1552 925 1742 1000 ἐκείνῳ
1776 946 1860 980 πι-

173 1014 502 1085 θανωτέραν
549 1012 691 1069 εἶναι
739 1014 1061 1085 προσήκειν,
1113 1011 1501 1082 ἐμφαινόντων
1550 1013 1717 1068 πάλιν
1768 1012 1862 1068 διὰ

109 1119 151 1150 10
173 1102 375 1158 τούτου
412 1105 523 1157 τῶν
561 1105 813 1156 παλαιῶν
855 1099 939 1156 ὅτι
977 1101 1069 1154 καὶ
1115 1099 1244 1164 τοὺς
1291 1101 1684 1172 ἰσχυροτάτους
1725 1099 1858 1156 ὑπο-

173 1190 387 1245 τάττειν
430 1192 517 1243 δεῖ
546 1188 775 1253 ἑαυτοὺς
806 1191 879 1262 τῷ
913 1187 1060 1262 λόγῳ
1092 1188 1185 1242 καὶ
1215 1187 1281 1243 τὰ
1315 1186 1423 1243 ὑπὸ
1455 1187 1659 1244 τούτου
1693 1205 1862 1260 προσ-

175 1276 478 1347 ταττόμενα
517 1287 724 1346 ποιεῖν,
765 1280 815 1331 εί
851 1276 942 1330 καὶ
973 1274 1288 1346 θηλύτερόν
1327 1297 1379 1329 τι
1417 1274 1551 1331 κατὰ
1587 1275 1688 1347 τὴν
1720 1284 1862 1332 θεω-
1929 1289 1936 1293 “

178 1369 305 1436 ρίαν
343 1365 435 1419 καὶ
473 1362 575 1435 τὴν
614 1361 843 1433 λογικὴν
877 1363 1072 1427 σκέψιν
1111 1367 1436 1434 προσπίπτει
1475 1371 1537 1435 τῇ
1575 1362 1751 1436 ὀμφῇ,
1790 1361 1862 1434 ἣν

179 1451 279 1508 οὐκ
333 1449 549 1516 ἀτόπως
603 1447 674 1506 ἂν
730 1453 948 1517 δόξαιεν
1002 1448 1285 1522 Ὀμφάλην
1338 1453 1862 1525 προσηγορευκέναι.
1945 1476 1950 1484 ·

111 1555 153 1588 15
176 1539 305 1605 τοὺς
345 1540 406 1594 δὲ
446 1539 660 1594 δώδεκα
700 1537 912 1603 ἄθλους
953 1539 1229 1609 ἐνδέχεται
1275 1537 1378 1609 μὲν
1417 1537 1720 1610 ἀναγαγεῖν
1761 1538 1862 1596 οὐκ

177 1626 477 1699 ἀλλοτρίως
515 1627 603 1682 ε’πὶ
642 1626 741 1682 τὸν
779 1626 947 1697 θεόν,
995 1623 1069 1691 ὡς
1107 1627 1198 1681 καὶ
1238 1625 1538 1698 Κλεάνθης
1585 1629 1864 1699 ἐποίησεν·

180 1715 246 1772 οὐ
287 1720 407 1771 δεῖν
449 1714 510 1770 δὲ
551 1718 706 1771 δοκεῖ
741 1718 1024 1787 πανταχοῦ
1064 1713 1420 1787 εὑρεσίλογον
1457 1715 1799 1788 πρεσβεύειν.

298 1883 337 1922 1.
364 1882 404 1922 2.
437 1876 556 1948 [καὶ]
583 1872 667 1932 τὴν
692 1876 785 1919 τῶν
810 1877 849 1933 β.
877 1893 926 1932 φ.
953 1876 1096 1923 Schm.
1123 1903 1178 1908 —
1205 1881 1245 1922 2
1273 1875 1390 1933 [καὶ]
1400 1873 1730 1947 στρατηλάτην
1757 1874 1803 1922 δ’
1827 1877 1864 1921 O

178 1936 259 1980 καὶ
298 1932 611 2006 στρατηλάτην
645 1930 737 1992 [δ’]
772 1934 917 1979 Schm.
958 1961 1012 1967 —-
1055 1932 1226 1991 άλογον
1261 1935 1345 1980 Os.
1368 1931 1563 1991 εὔλογον
1598 1935 1635 1979 O
1676 1961 1728 1967 -—-
1770 1953 1863 1980 τοι-

179 1991 335 2045 ούτοις
365 2010 395 2039 a
395 1991 478 2064 'Vq
511 1990 692 2044 τούτοις
723 1994 801 2038 ΖΝ
826 1991 1009 2045 τούτοις
1039 1999 1133 2045 τοῖς
1160 1995 1227 2051 N2
1241 1989 1279 2037 b'
1316 2020 1370 2025 —
1403 1998 1443 2036 4.
1477 1997 1517 2037 5.
1554 1990 1656 2067 [ὡς]
1691 1990 1755 2039 ὁλ.
1783 1996 1865 2040 lbc

179 2079 233 2086 —
268 2059 308 2097 5.
343 2025 532 2124 [αυτον]
566 2067 588 2096 c
620 2053 677 2096 A
703 2053 870 2096 ZVauck
903 2079 956 2085 —-
990 2026 1395 2123 ὁλοσχερ[έστερον
1427 2077 1484 2084 -
1516 2057 1556 2096 6.
1572 2051 1867 2123 ευτον]ώτε-

180 2128 257 2167 ραι
291 2111 333 2155 G
373 2135 427 2142 ——
462 2107 522 2161 ὡς
555 2114 733 2165 εἴρηται
764 2110 900 2167 La‘ny
939 2107 1001 2160 ὡς
1039 2108 1127 2166 γὰρ
1163 2110 1199 2153 O
1239 2107 1383 2160 ὄντως
1414 2106 1503 2166 γὰρ
1547 2106 1702 2166 (ὄντα,
1742 2112 1867 2167 quod

181 2169 434 2239 antecedit,
468 2169 675 2238 omisso)
680 2171 737 2212 A.
763 2169 929 2212 Nauck
955 2194 1006 2201 -
1035 2175 1072 2213 6.
1099 2167 1221 2212 νέων
1252 2185 1323 2212 τοι
1355 2169 1456 2225 aN
1489 2193 1542 2200 —
1569 2174 1608 2212 6
1637 2175 1675 2213 7.
1702 2168 1756 2213 αῖ
1775 2176 1866 2226 χεῖ-

182 2243 257 2282 ρες
298 2244 419 2271 ουτω
458 2224 615 2283 ’ψυχὰς
646 2223 725 2283 ἀμ.
758 2241 781 2272 c
814 2253 867 2260 --
901 2231 941 2271 8.
977 2226 1097 2296 [καὶ]
1131 2223 1216 2282 τὴν
1248 2223 1363 2282 παρ’
1399 2222 1511 2283 ὀμφ.
1545 2228 1630 2271 lbc
1662 2254 1715 2260 —-
1750 2232 1789 2272 8.
1824 2234 1863 2274 9.

181 2283 509 2342 πιθανώτερον
546 2286 599 2343 V2
630 2311 684 2318 -—
719 2291 758 2331 9.
791 2285 871 2329 καὶ
903 2282 1154 2342 προσήκειν
1178 2285 1224 2328 Β
1249 2311 1302 2318 --
1338 2291 1405 2330 10.
1439 2285 1519 2329 καὶ
1550 2302 1587 2329 τ.
1615 2285 1699 2343 ἰσχ
1733 2287 1799 2342 (in
1829 2287 1874 2330 V

182 2344 263 2388 καὶ
293 2345 592 2416 postmodum
623 2344 849 2388 insertum
880 2343 1079 2399 videtur)
1114 2345 1162 2388 lb
1199 2370 1250 2376 —
1286 2349 1353 2389 11.
1390 2349 1456 2388 12.
1490 2343 1867 2415 προσταττόμενα

183 2400 295 2473 a'2N
309 2401 346 2447 b'
379 2400 676 2459 πραττόμενα
701 2403 806 2446 lNc
833 2428 884 2434 —
922 2407 990 2448 13.
1022 2402 1076 2474 τῆ
1105 2398 1234 2471 ὀμφῇ
1263 2403 1407 2446 S.chm
1413 2403 1494 2473 τῆ
1506 2399 1685 2474 ὀμφῆς
1710 2404 1758 2446 Ρ
1785 2405 1867 2456 τῆς

184 2457 340 2518 ὀμφῆς
370 2466 465 2505 cett.
498 2487 556 2494 -—
591 2467 658 2505 14.
693 2477 779 2504 ουκ
811 2456 997 2512 ἀτόπως
1028 2478 1087 2504 αν
1120 2458 1330 2519 δόξαιεν]
1372 2477 1457 2518 ουχ
1499 2458 1663 2514 ἑτέραν
1694 2457 1755 2506 &v
1788 2459 1866 2506 δό-

184 2521 349 2575 ξαιμεν
388 2516 595 2591 ςδόξαιεν
626 2520 770 2575 Eud.)
803 2534 825 2564 c
856 2546 912 2552 —
944 2515 1160 2591 ὀμφάλου
1193 2520 1297 2577 aN
1312 2533 1335 2563 c
1368 2545 1420 2551 —
1463 2525 1530 2563 15.
1564 2517 1760 2576 ἀγαγεῖν
1793 2521 1868 2565 Pe

186 2604 239 2610 —
275 2582 343 2622 16.
376 2579 622 2634 αλλοτρίως
653 2579 702 2621 lb
735 2579 855 2628 -ίους
886 2592 909 2622 c
940 2574 1180 2633 ἀλλότριον
1206 2579 1267 2620 Μ
1283 2553 1513 2630 ἀλλότρια
1546 2579 1591 2621 Ρ
1622 2604 1672 2610 -
1709 2584 1777 2622 17.
1811 2575 1867 2622 οὗ

186 2638 286 2680 δεῖν
318 2634 370 2680 δε
404 2639 539 2680 δοκεῖ
565 2637 610 2679 Β
644 2637 715 2681 Os.
750 2632 805 2680 οὗ
838 2638 916 2681 δεῖ
943 2635 994 2681 δε
1029 2639 1190 2681 δοκεῖν
1212 2637 1278 2694 Ν2
1294 2637 1368 2680 Ge
1399 2634 1454 2681 οὔ
1489 2639 1590 2681 δεῖν
1621 2635 1674 2681 δε
1706 2639 1867 2681 δοκεῖν

185 2695 278 2739 αΝ
299 2721 350 2727 -
384 2694 624 2751 πανταχοῦ
652 2696 736 2739 lbc
766 2693 956 2739 πάντων
988 2693 1027 2739 α’
1054 2721 1112 2728 -
1143 2669 1439 2765 πρεσβεύειν]
1475 2711 1527 2739 ευ
1560 2696 1744 2739 litterae
1775 2709 1869 2739 non

186 2752 299 2797 satis
331 2754 559 2824 genuinae
598 2753 647 2797 in
677 2754 731 2797 N
757 2750 1020 2812 πρεσβύτην
1053 2767 1075 2798 c
1107 2780 1157 2786 —-
1194 2750 1245 2796 τὸ
1279 2750 1572 2810 εὐρεσίλογον
1604 2754 1668 2808 Βς
1711 2767 1871 2810 exspe-

189 2814 284 2856 ctes
315 2809 400 2855 τὸν
425 2807 727 2895 ⁶s‘vQ.⁴÷o·1.7.oyov
