1998 3088
817 140 1150 185 ΕΙΠΔΡΟΜΗ.
1754 143 1822 197 75

131 273 226 313 σιν
264 260 455 328 ἔσχον,
493 258 662 312 πάλαι
691 256 972 313 καιόντων
1009 256 1140 322 τοὺς
1176 258 1413 330 νεκροὺς
1442 259 1534 314 καὶ
1572 260 1821 317 κωκυτὸν

133 344 467 417 ἐγειρόντων
511 347 626 401 τῶν
664 342 950 416 Ἑλλήνων
992 350 1032 415 [,
1073 345 1166 402 διὰ
1211 351 1376 403 τοῦτο
1414 348 1506 403 καὶ
1554 351 1825 419 δαίμονας

131 432 338 499 αὐτοὺς
375 430 483 490 ἀπὸ
522 437 626 490 τοῦ
664 438 973 490 κεκαῦσθαι
1011 434 1375 506 καλούντων].
1449 433 1484 507 ἡ
1526 433 1577 491 δ’
1620 434 1826 509 ἅορνος

131 525 300 593 λίμνη
339 521 727 596 φυσικώτερον
759 528 893 587 ἴσως
923 519 1030 578 ἀπὸ
1062 526 1163 578 τοῦ
1187 521 1350 594 ἀέρος
1372 524 1824 595 προσηγορεύθη·

130 613 312 666 καίτοι
350 609 443 665 καὶ
481 608 584 665 τὸν
624 609 826 666 σκότον
859 607 982 665 ἔσθ’
1021 608 1111 666 ὅτε
1148 612 1241 666 καὶ
1274 609 1376 682 τὴν
1417 609 1651 683 ὁμίχλην
1690 609 1824 684 ἀέρα
1847 635 1868 668 5

132 701 192 754 oc
226 698 454 754 παλαιοὶ
492 697 757 769 ἐκάλουν,
798 702 849 753 εί
878 697 951 770 μὴ
983 697 1053 768 νὴ
1089 703 1204 753 Δία
1236 697 1412 764 οὕτως
1442 696 1823 771 ἀπεχρήσαντο

127 789 195 859 τῇ
234 789 336 842 τοῦ
376 784 538 857 ἀέρος
579 789 904 858 γλαυκότητι
944 784 1020 852 ῶς
1055 787 1148 842 καὶ
1177 790 1291 842 τῶν
1330 790 1646 859 λεγομένων
1685 803 1827 858 φασ-

129 879 345 945 γανίων
403 876 486 930 οἷ(
545 876 815 946 στέφουσι
875 872 976 930 τὸν
1029 874 1357 939 Πλούτωνα.
1441 876 1707 945 στέφουσι
1764 875 1827 931 δὲ

131 960 308 1019 αὐτὸν
352 962 446 1018 καὶ
492 960 740 1038 ἀδιάντφ
790 961 931 1035 πρὸς
975 960 1297 1034 ὑπόμνησιν
1341 966 1444 1019 τοῦ
1493 963 1826 1019 αὐαίνεσθαι

130 1049 262 1116 τοὺς
298 1054 671 1116 τελευτῶντας
707 1051 800 1106 καὶ
840 1051 1031 1122 μηκέτι
1067 1055 1132 1106 τὸ
1172 1049 1362 1123 διερὸν
1403 1058 1604 1123 ἴσχειν,
1648 1053 1827 1124 στέρε-
1851 1074 1892 1106 ιο

132 1147 271 1195 σθαι
319 1138 381 1195 δὲ
425 1142 524 1210 τῆς
567 1143 861 1210 παραιτίας
906 1141 1006 1194 τοῦ
1055 1142 1415 1195 διαπνεῖσθαι
1458 1140 1550 1195 καὶ
1592 1139 1828 1195 θάλλειν

131 1226 379 1299 ἰκμάδος.
466 1229 756 1296 [ἐντεῦθεν
803 1224 1151 1297 ὑπονοητέον
1200 1228 1295 1282 καὶ
1346 1226 1478 1293 τοὺς
1530 1226 1828 1298 ἀλίβαντας

131 1318 547 1387 μεμυθεῦσθαι·
610 1316 671 1370 έν
720 1312 921 1370 ’Ἅιδου
974 1316 1081 1370 εἰσὶ
1136 1313 1229 1369 διὰ
1289 1314 1392 1386 τὴν
1444 1319 1541 1387 τῆς
1600 1315 1830 1386 λιβάδος

131 1401 436 1475 ἀμεθεξίαν
474 1406 588 1458 τῶν
619 1405 877 1474 νεκρῶν].
929 1407 1145 1468 οἰκείως
1177 1403 1239 1459 δὲ
1268 1414 1386 1467 τοῖς
1414 1404 1830 1474 κατοιχομένοις

134 1493 227 1548 καὶ
265 1490 293 1548 ὁ
327 1491 627 1568 νάρκισσος
659 1494 804 1562 ἔχειν
838 1492 993 1557 ἔδοξε
1022 1491 1116 1546 καὶ
1138 1497 1249 1546 τῶν
1275 1490 1581 1560 Ἐριννύων
1614 1496 1828 1562 ἔφασαν
1853 1512 1896 1545 15

135 1579 307 1636 αὐτὸν
339 1571 677 1651 στεφάνωμα
706 1577 869 1650 εἶναι,
901 1578 1411 1651 προσεδρεύσαντες
1431 1583 1498 1651 τῇ
1522 1582 1829 1651 παραθέσει

132 1674 230 1741 τῆς
259 1669 469 1742 νάρκης
490 1669 583 1724 καὶ
606 1670 682 1743 τῷ
709 1663 834 1723 οἶον
862 1671 1171 1738 διαναρκᾶν
1194 1666 1324 1732 τοὺς
1347 1666 1828 1738 ἀποθνήσκοντας.

246 1814 405 1872 Οὕτω
456 1813 507 1869 δ’
560 1811 630 1870 ἂν
675 1813 784 1885 ἤδη
833 1815 925 1869 καὶ
971 1808 1142 1869 τᾶλλα
1190 1818 1304 1869 τῶν
1358 1818 1612 1885 μυθικῶς
1656 1834 1828 1887 παρα-

250 1953 291 1991 2.
318 1953 357 1992 3.
388 1944 487 2005 [διὰ
514 1973 568 1979 -
594 1943 883 2004 καλούντων]
911 1946 1057 1991 Schm.
1076 1972 1131 1979 —
1150 1952 1220 1991 3.-
1236 1951 1304 1991 17.
1338 1942 1387 2004 [ἡ
1413 1942 1461 1990 δ’
1482 1942 1653 2003 ἅορνος
1670 1974 1723 1980 -
1747 1948 1829 2004 τῆς

131 2004 328 2065 νάρκης]
357 2020 380 2051 c
404 2032 459 2038 —
487 2011 527 2051 7.
552 2003 831 2063 γλαυκότητι
853 2006 999 2050 Schm.
1027 2002 1244 2062 ἑγγύτητι
1270 2005 1308 2048 O
1339 2002 1561 2062 ταχύτητι
1592 2006 1669 2050 vel
1692 2002 1828 2063 ὖγρό·

131 2082 235 2122 τητι
254 2065 327 2110 03.
346 2091 401 2097 -—
423 2069 462 2109 7.
481 2069 523 2110 8.
542 2060 799 2121 φασγάνων
819 2065 866 2108 P
887 2065 1186 2121 σπαργανίων
1202 2064 1279 2108 vel
1295 2062 1577 2120 σπαργάνων
1594 2064 1830 2123 Gyraldus

132 2150 188 2157 --
215 2130 256 2170 8.
290 2122 360 2175 οἷς
391 2124 521 2180 στέφ.
547 2124 694 2168 Schm.
719 2121 830 2181 [οἷς]
859 2138 924 2167 στ.
953 2123 991 2166 O
1015 2149 1070 2155 —-
1097 2128 1137 2167 9.
1162 2122 1244 2167 καὶ
1267 2119 1476 2167 ἀδιάντω
1503 2119 1610 2181 a'V²
1638 2123 1701 2181 τῷ
1726 2120 1830 2167 ἀδι·

132 2181 272 2243 άντῳ
287 2183 338 2227 lb
362 2209 421 2215 —
445 2179 756 2240 αύαίνεσθαι]
784 2178 900 2226 αὗαι
930 2182 1117 2227 litterae
1141 2182 1170 2226 i.
1197 2182 1226 2226 l.
1253 2195 1315 2226 er.
1340 2182 1389 2225 in
1408 2168 1458 2225 V'
1476 2177 1764 2226 ἀναίνεσθαι
1789 2182 1831 2227 G

135 2267 191 2275 —-
226 2247 294 2287 10.
326 2238 379 2286 τὸ
412 2238 574 2296 διερὸν
597 2241 744 2286 Schm.
781 2238 876 2299 [τό]
911 2243 951 2285 δ.
981 2241 1019 2285 O
1045 2267 1100 2273 —
1136 2246 1203 2285 11.
1237 2242 1547 2285 διαπνεῖσθαι
1570 2238 1612 2284 α’
1625 2241 1682 2299 V²
1714 2237 1830 2284 ἀνα-

133 2303 432 2355 καινίζεσθαι
456 2298 519 2345 lb'
554 2296 898 2345 ἀνακαινίσθαι
921 2300 978 2343 N
997 2325 1054 2332 —
1084 2297 1308 2343 θάλλεσιν
1330 2299 1387 2343 Ν
1414 2325 1468 2332 -
1504 2296 1829 2356 12.-[ὑπονοη-

133 2358 263 2418 τέον]
290 2360 340 2404 lb
367 2385 423 2392 —
454 2355 599 2418 ([τὸν]
628 2356 688 2416 b')
720 2355 804 2403 τὸν
839 2355 1068 2415 ἀλίβαντα
1092 2359 1118 2402 b
1151 2384 1206 2392 --
1235 2363 1303 2402 13.
1338 2355 1390 2402 ἐν
1421 2353 1543 2401 ἅδον
1570 2357 1657 2402 εἰσὶ
1689 2355 1831 2414 (εἶναι

250 2414 332 2462 διὰ
363 2414 449 2474 τὴν
479 2435 518 2463 τ.
551 2422 590 2463 λ.
619 2414 732 2475 σι’ῘΤ2
776 2418 858 2461 καὶ
891 2419 948 2475 [ε.
981 2412 1058 2463 ἅδ.
1093 2433 1128 2463 ε.
1162 2413 1263 2475 διὰ]
1296 2413 1383 2474 τὴν
1414 2434 1451 2463 τ.
1484 2419 1523 2462 λ.
1554 2417 1628 2460 Nl
1661 2416 1759 2474 [καὶ
1794 2431 1830 2459 ε.

134 2493 179 2520 α.
215 2475 326 2535 εἰσὶ]
362 2473 442 2521 διά
475 2472 618 2535 ([διά]
650 2477 738 2535 Ν,)
770 2473 856 2533 τὴν
888 2493 925 2520 τ.
958 2479 997 2523 λ.
1021 2477 1088 2534 N⁵¹
1103 2472 1142 2520 b'
1176 2502 1232 2509 —-
1268 2481 1335 2521 15.
1368 2476 1463 2519 τῶν
1496 2472 1724 2531 ἐριννύων
1758 2474 1831 2519 Os.
1869 2520 1874 2523 ,

134 2532 222 2591 τὴν
255 2531 448 2591 ἔριννύα
478 2536 574 2580 αΝ
602 2532 689 2591 τὴν
723 2531 914 2591 ἐριννύν
937 2535 983 2578 Β
1016 2535 1096 2594 [τ.]
1130 2530 1319 2591 ἔριννῦν
1347 2533 1390 2578 G
1423 2561 1477 2566 —
1514 2539 1580 2578 16.
1615 2530 1740 2591 αύτῷ
1766 2530 1832 2577 b'c

135 2619 192 2627 —-
233 2609 426 2650 στεφαν.
468 2592 609 2652 εἶναι]
652 2595 1022 2650 στεφανωθῆναι
1072 2593 1471 2650 (antecedentibus
1517 2589 1603 2648 τὴν
1643 2587 1832 2647 ἐριννύν

136 2648 286 2756 εἴᾏῑῷὲ
308 2653 1072 2768 62258-‚5332022‘253250‘22222252ffi2
1087 2678 1151 2754 5}
1172 2648 1422 2782 {5133‘525‘2
1450 2649 1829 2766 ⁰2325'„3‘;²2‚[1‘2·‚1

142 2769 199 2828 V8
228 2771 445 2827 μυθικῶν
469 2770 561 2815 PL
584 2771 802 2827 μυθικῶν
826 2766 889 2820 ῶς
922 2770 1018 2813 VN
1042 2744 1258 2826 μυθῖκῶς
1282 2786 1344 2820 ως
1367 2769 1435 2826 N²
1462 2768 1680 2824 μυθικῶν
1704 2767 1782 2810 καὶ
1806 2778 1830 2810 c

140 2829 359 2885 μυθικῶν
389 2830 470 2874 καὶ
502 2829 716 2886 μυθικῶς
748 2829 970 2873 Villoison
