1998 3088
195 125 266 177 30
851 125 1225 169 KOPNOTTOT

194 242 326 313 οχὰς
365 247 538 313 ἔλαβε.
602 243 733 315 μετὰ
767 243 828 299 δὲ
859 248 1030 299 ταῦτα
1063 241 1095 314 ἡ
1129 247 1242 299 τῶν
1275 245 1591 315 λεγομένων
1631 243 1886 300 Τιτάνων

194 331 307 386 ἐστὶ
346 333 572 402 γένεσις.
652 325 807 388 οὗτοι
855 329 907 386 δ’
951 329 1023 387 ἂν
1070 330 1181 387 εἶεν
1223 333 1490 403 διαφοραὶ
1528 336 1642 387 τῶν
1683 331 1887 399 ὄντων.

192 417 264 484 ὡς
303 418 408 490 γὰρ
444 418 814 490 Ἐμπεδοκλῆς
857 425 1119 484 Φυσικοῖς
1157 421 1533 490 ἐξαριθμεῖται

270 522 438 577 Φυσω’
477 545 534 578 τε
579 523 835 593 Φθιμένη
875 544 932 578 τε
970 524 1059 577 καὶ
1101 522 1319 594 Εύναίη
1359 524 1449 578 καὶ
1472 521 1727 593 ’Ἑγερσις

145 627 166 659 5
265 610 422 666 Κινώ
460 609 507 665 τ’
539 608 841 682 Ἀστέμφης
879 632 935 666 τε
973 612 1392 682 πολυστέφανος
1429 633 1486 667 τε
1526 610 1788 681 Μεγιστὼ

188 714 279 768 καὶ
331 713 560 786 Φορυὴν
612 715 703 769 καὶ
750 713 983 784 Σιωπήν
1037 736 1094 769 τε
1148 715 1239 769 καὶ
1287 713 1558 786 Ὀμφαίην
1613 714 1703 768 καὶ
1749 720 1884 769 πολ-

187 801 285 867 λὰς
315 801 506 870 ἄλλας,
544 802 646 873 τὴν
684 804 983 873 εἰρημένην
1021 807 1302 858 ποικιλίαν
1333 806 1446 858 τῶν
1485 801 1666 857 ὄντων
1707 806 1883 857 αἰνίτ-

187 912 441 961 τομενος,
494 889 669 956 οὕτως
714 889 821 946 ὑπὸ
870 894 983 946 τῶν
1027 894 1278 946 παλαιῶν
1314 889 1555 956 Ἰαπετὸς
1597 890 1698 961 μὲν
1738 889 1878 946 ὦνο-

187 977 378 1048 μάσθη
436 976 464 1033 ὁ
514 978 679 1048 λόγος
723 976 855 1032 καθ’
908 975 975 1033 ὃν
1025 977 1310 1049 φωνητικὰ
1365 981 1471 1054 ζῷα
1525 979 1739 1049 ἐγένετο
1788 979 1884 1033 καὶ

122 1082 164 1114 10
188 1065 249 1121 τὸ
293 1064 426 1121 ὅλον
474 1066 657 1137 ψόφος
705 1064 1070 1137 ἀπετελέσθη,
1119 1066 1343 1137 ἰαφετός
1388 1088 1471 1131 τις
1514 1065 1594 1122 ὤν
1643 1066 1726 1141 (ἰὰ
1771 1067 1883 1137 γάρ

189 1156 338 1209 ἐστιν
400 1153 432 1224 ἡ
489 1154 696 1226 φωνή>·
739 1150 932 1220 ’Κοῖος
962 1154 1072 1225 ’ὃέ,
1126 1153 1259 1210 καθ’
1319 1151 1386 1210 ὃν
1448 1155 1579 1209 ποιά
1641 1177 1766 1211 τινα
1812 1154 1880 1211 τὰ

189 1240 323 1297 ὄντα
364 1243 482 1297 ε’στί
517 1243 614 1317 (τῷ
654 1241 760 1314 γὰρ
800 1266 831 1298 κ
870 1245 1150 1314 πολλαχοῦ
1191 1245 1248 1297 oc
1285 1241 1479 1308 Ἴωνες
1525 1241 1648 1298 ἀντὶ
1695 1246 1796 1299 τοῦ
1841 1263 1884 1298 π

190 1331 455 1402 ἐχρῶντο)
496 1327 529 1402 ἢ
572 1329 599 1386 ὁ
641 1334 741 1386 τοῦ
772 1342 924 1387 κοεῖν
957 1338 1154 1400 αἴτιος,
1193 1333 1441 1386 τουτέστι
1481 1343 1639 1387 νοεῖν
1677 1327 1710 1402 ἢ
1744 1353 1880 1403 φρο-

189 1428 330 1473 νεῖν·
370 1424 547 1489 Κρῖος
588 1421 674 1489 δέ,
714 1417 845 1474 καθ’
883 1416 950 1474 ὃν
986 1418 1052 1473 τὰ
1094 1419 1195 1489 μὲν
1227 1417 1382 1491 ἄρχει
1419 1420 1512 1474 καὶ
1552 1419 1882 1475 δυναστεύει

123 1523 165 1555 15
188 1509 300 1562 τῶν
339 1507 702 1578 πραγμάτων,
742 1505 809 1562 τὰ
850 1506 910 1561 δὲ
942 1505 1302 1562 ὑποτέτακται
1341 1507 1432 1561 καὶ
1465 1507 1882 1578 δυναστεύεται,

189 1596 453 1650 ἐντεῦθεν
495 1595 631 1666 τάχα
670 1596 761 1650 καὶ
800 1598 900 1650 τοῦ
942 1596 1001 1650 ἐν
1041 1606 1157 1660 τοῖς
1195 1600 1476 1666 ποιμνίοις
1514 1599 1678 1668 κριοῦ
1707 1612 1879 1668 προσ-

186 1684 619 1756 αγορευομένου“
675 1680 943 1755 Ὑπερίων
995 1684 1082 1753 δέ,
1142 1681 1274 1737 καθ’
1326 1680 1392 1738 ὃν
1442 1680 1703 1753 ὑπεράνω
1755 1682 1882 1738 τινα

188 1773 388 1844 ἑτέρων
434 1771 876 1843 περιπορεύεται·
920 1768 1182 1836 Ὠκεανὸς
1229 1772 1315 1841 δέ,
1363 1769 1496 1825 καθ’
1542 1768 1608 1826 ὃν
1652 1769 1880 1827 ἀνύεται

187 1861 247 1914 ἐν
279 1859 428 1931 τάχει
463 1863 498 1930 [,
531 1855 593 1924 ὃς
622 1858 690 1930 δὴ
715 1860 806 1914 καὶ
835 1858 1230 1931 άκαλαρρείτης
1252 1859 1507 1930 κέκληται
1538 1862 1612 1934 τῷ
1640 1858 1878 1930 ἡσύχιόν

122 1963 163 1994 2⁰
186 1971 237 2003 τι
275 1949 366 2004 καὶ
407 1953 669 2019 σχολαῖον
715 1947 818 2018 τὴν
865 1947 1030 2018 ῥύσιν
1081 1945 1252 2003 αὐτοῦ
1300 1945 1374 2012 ὡς
1418 1946 1522 2018 τὴν
1567 1951 1667 2003 τοῦ
1707 1945 1873 2018 ἡλίου

186 2051 384 2095 Diacon.
424 2053 476 2095 in
507 2052 614 2095 Hes.
651 2051 734 2096 Th.
768 2052 895 2107 alley.
928 2064 978 2106 p.
1013 2054 1098 2094 457
1132 2050 1371 2106 (Gaisford
1404 2052 1536 2107 1820)
1576 2047 1706 2105 παρὰ
1747 2048 1798 2095 τὸ
1832 2068 1877 2095 α.

190 2109 227 2152 Ο
262 2135 313 2141 -
358 2115 396 2154 1.
430 2115 470 2152 2.
504 2125 540 2154 ε.
574 2126 625 2179 γ.
651 2126 733 2153 τιτ.
767 2123 790 2153 c
829 2134 883 2140 -
924 2114 964 2153 3.
1007 2111 1225 2159 Φυσικοῖς
1259 2108 1428 2153 Osann.
1463 2109 1671 2178 φυσικῶς
1712 2125 1739 2153 α
1781 2110 1875 2180 [Ψ]

186 2168 245 2212 bc
269 2193 323 2199 —
357 2173 398 2212 5.
431 2164 654 2223 άπεμφής
685 2182 734 2211 τε
769 2168 794 2211 b
827 2192 881 2199 —
916 2172 956 2210 6.
988 2166 1069 2209 καὶ
1101 2163 1274 2222 φοριὴν
1305 2166 1384 2210 καὶ
1419 2165 1570 2237 σοφήν
1604 2183 1651 2211 τε
1685 2169 1766 2211 καὶ
1798 2165 1877 2224 ὀμ-

187 2228 335 2283 φαίην
367 2226 423 2270 Μ
454 2227 534 2269 καὶ
566 2229 738 2282 φορίην
770 2223 935 2296 σοφήν
956 2224 1159 2281 (σομφήν
1201 2225 1278 2282 V)
1313 2242 1360 2269 τε
1391 2225 1472 2269 καὶ
1503 2221 1716 2282 ὀμφαιήν
1747 2227 1882 2270 ΧΖΡ

193 2285 313 2343 [καὶ]
340 2286 510 2352 φορίην
534 2284 615 2327 καὶ
640 2283 791 2340 σόφην
816 2284 895 2327 καὶ
912 2280 1130 2340 ὀμφάλην
1146 2298 1169 2328 c
1193 2301 1232 2327 κ.
1252 2281 1406 2340 φορύη
1425 2285 1585 2340 (φορίη
1601 2285 1722 2340 ΝΒ)
1747 2282 1872 2341 σόφη

186 2344 292 2399 (ei03
328 2344 424 2387 sine
457 2357 551 2389 acc.
586 2344 744 2399 (σοφη)
777 2342 849 2398 N)
881 2359 929 2386 τε
963 2344 1040 2387 καὶ
1084 2339 1264 2399 ὀμφαίη
1297 2344 1323 2387 b
1362 2343 1442 2386 καὶ
1475 2340 1631 2398 Φορυὴ
1673 2343 1754 2387 καὶ
1793 2345 1875 2387 δῖα

186 2402 352 2472 Σιωπή
375 2398 419 2446 τ’
434 2398 637 2459 Ὀμφαίη
661 2417 708 2445 τε
730 2401 921 2457 Emped.
942 2406 997 2445 28
1016 2403 1080 2446 ed.
1102 2402 1312 2446 Mullach
1336 2401 1417 2445 καὶ
1435 2402 1578 2457 Φορίη
1605 2401 1685 2445 καὶ
1701 2399 1877 2458 Σόμφη

185 2460 265 2504 καὶ
284 2456 486 2530 Ὀμφαιή
509 2461 667 2504 Osann
691 2486 745 2492 —
773 2465 811 2505 6.
841 2465 879 2504 7.
905 2477 945 2505 κ.
971 2457 1142 2511 πολλὰς
1166 2457 1307 2511 ἄλλας
1327 2460 1364 2504 O
1388 2478 1429 2503 κ.
1455 2458 1589 2503 ἄλλαι
1612 2460 1776 2504 πολλαὶ
1798 2461 1874 2505 Os.

188 2525 300 2564 -8
326 2516 418 2563 ὑπὸ
445 2536 482 2563 τ.
503 2515 756 2576 π.]άπότ.
775 2534 822 2563 π.
840 2520 979 2563 bc—
1006 2525 1045 2564 9.
1071 2517 1197 2564 καθο
1221 2520 1341 2562 Χ-
1368 2536 1418 2575 φ.
1443 2515 1501 2562 τά
1529 2518 1715 2572 ζῶαΟε.
1734 2521 1800 2563 ed
1820 2545 1874 2551 —

190 2582 254 2622 10.
282 2574 333 2621 τὸ
359 2571 424 2623 ὄλ.
449 2587 499 2631 ψ.
527 2577 699 2621 aNBc
725 2579 845 2628 ἴολος
869 2587 919 2632 ψ.
947 2578 988 2622 G
1022 2573 1127 2628 όλος
1160 2575 1184 2622 ὁ
1210 2589 1260 2633 ψ.
1299 2578 1370 2623 Os.
1396 2579 1462 2621 ed.
1488 2602 1546 2610 -—
1579 2573 1875 2633 ἀπετελέσθη

186 2650 266 2705 aa
278 2632 521 2692 άπετέχθη
546 2637 572 2680 b
598 2661 652 2667 —
682 2642 748 2679 11.
778 2633 945 2694 [ἐστιν]
980 2638 1039 2680 bc
1063 2663 1118 2668 —-
1148 2642 1215 2680 13.
1251 2637 1450 2691 χρῶνται
1476 2650 1499 2680 c
1524 2661 1578 2667 -
1611 2635 1821 2680 τουτέστι
1845 2651 1876 2680 a

185 2711 268 2739 του
302 2695 347 2738 τὶ
379 2696 444 2749 (τί
462 2694 580 2750 NG)
615 2696 672 2738 bc
703 2721 757 2726 —
793 2700 859 2739 14
893 2693 1020 2738 καθὸ
1052 2710 1082 2738 a
1113 2722 1167 2727 —
1201 2692 1257 2738 τὰ
1299 2693 1406 2752 μεν]
1446 2711 1553 2744 τους
1585 2693 1671 2750 μὲν
1706 2695 1779 2751 Ml
1818 2720 1874 2726 —

189 2759 255 2798 17.
290 2751 417 2811 τινὰ]
449 2754 542 2797 τῶν
576 2753 739 2797 Struve
769 2779 822 2786 -—
854 2758 919 2798 18.
947 2750 1320 2824 ὑπερπορεύεται
1338 2754 1560 2797 Vilzoison
1588 2778 1642 2783 —
1676 2727 1802 2796 καθιό
1830 2750 1872 2797 a'

192 2811 247 2870 1⁷2
284 2812 446 2856 Struve
479 2808 649 2869 [καθὸ]
683 2813 698 2856 Ζ
729 2838 783 2843 ——
819 2817 885 2855 19.
921 2817 988 2856 20.
1026 2809 1157 2868 ἡσύχ.
1191 2830 1233 2856 τι
1265 2829 1306 2855 κ.
1341 2827 1405 2868 σχ.
1439 2826 1470 2856 a
1499 2807 1690 2867 ἡνίοχον
1722 2813 1872 2868 (mxcv
