1998 3088
794 129 1156 177 PRAEFATIO.
1758 151 1818 189 lx

138 258 341 306 auctore
386 271 497 319 suc,
554 255 884 318 transcripsit.
960 254 1128 317 Atque
1184 270 1240 303 eo
1289 254 1490 318 quidem
1542 257 1671 319 loco,
1726 275 1822 321 quo

139 328 346 379 Cornuti
382 330 570 378 mentio
608 329 687 390 fit,
735 329 1077 378 Theodoretus
1117 328 1323 391 gentilis
1362 331 1515 391 atque
1553 330 1606 378 in
1649 331 1823 393 primis

136 417 346 466 graecae
382 403 664 467 theologiae
702 404 979 453 vanitatem
1017 405 1410 451 commonstrare
1447 403 1544 451 sibi
1588 419 1828 467 proposu-

136 480 257 525 erat.
334 476 444 535 Qua
479 477 534 526 in
570 492 626 526 re
665 493 776 526 cum
816 476 1015 526 eosdem
1054 479 1206 539 atque
1236 476 1484 525 Eusebius
1516 493 1592 539 pr.
1624 493 1696 528 ev.
1728 479 1766 540 I,
1794 482 1824 528 6

133 566 180 613 p.
224 552 328 599 180
375 552 602 600 auctores
647 550 822 600 itidem
866 551 920 598 in
972 550 1212 599 historiae
1261 550 1514 612 mythicae
1569 555 1620 600 et
1671 553 1828 614 philo-

135 624 338 686 sophiae
389 625 657 687 scriptores
713 624 896 674 divisos
951 623 1268 673 arcessiverit
1314 626 1466 687 atque
1510 625 1715 688 insuper
1764 628 1827 675 ad

134 697 340 747 Eusebii
384 698 571 747 librum
615 698 984 761 provocaverit,
1030 712 1175 746 nemo
1212 699 1314 746 iam
1353 698 1586 747 dubitare
1623 701 1824 762 poterit,

134 771 254 834 quin
299 774 408 820 tota
452 772 560 821 eius
607 771 975 834 argumentatio
1029 771 1145 819 inde
1198 772 1469 833 repetenda
1518 773 1599 822 sit.
1685 773 1828 831 Quod

134 847 303 894 autem
340 846 391 893 in
433 846 730 908 scriptorum
767 860 974 894 numero
1014 846 1078 893 ab
1117 859 1174 893 eo
1208 845 1529 894 laudatorum
1560 847 1656 895 duo
1688 863 1827 910 repe-

131 919 353 982 riuntur,
386 920 474 982 qui
504 919 637 982 apud
659 919 935 969 Eusebium
965 934 1066 967 non
1093 921 1382 982 occurrunt,
1420 919 1600 968 Aetius
1623 921 1827 982 inquam

185 1031 196 1041 .
238 1030 248 1041 .
289 994 441 1055 atque
488 992 760 1042 Cornutus:
814 994 917 1041 iam
971 993 1145 1055 quaeri
1198 995 1417 1055 oportet,
1473 994 1592 1055 quid
1647 995 1708 1042 de
1754 996 1825 1044 eis

133 1069 402 1115 statuatur.
473 1065 721 1116 Cornutus
762 1067 961 1129 quidem
993 1066 1127 1129 apud
1157 1067 1342 1115 Theod.
1375 1067 1469 1115 hoc
1499 1083 1598 1115 uno
1629 1070 1826 1117 tantum

129 1139 238 1189 loco
277 1140 534 1202 laudatur,
574 1144 628 1189 at
666 1141 877 1189 conlatis
916 1140 1037 1189 locis
1073 1142 1157 1200 61,
1193 1142 1259 1189 18
1294 1155 1351 1189 ac
1380 1141 1648 1204 praecipue
1684 1145 1766 1205 72,
1793 1144 1824 1192 8

130 1207 219 1279 (⁸'A
258 1211 312 1263 δέ
350 1231 405 1279 γε
443 1209 535 1273 ξὺν
577 1215 686 1282 Θεῷ
725 1212 868 1277 λέξω,
908 1212 962 1262 ἐκ
993 1216 1090 1262 τῶν
1114 1209 1416 1282 Πλουτάρχῳ
1441 1212 1524 1263 καὶ
1547 1215 1824 1284 Πορφυρίῳ

128 1285 213 1336 καὶ
252 1285 416 1351 μέντοι
453 1285 537 1336 καὶ
570 1283 734 1357 Ἀετίῳ
775 1284 1212 1354 ξυγγεγραμμένων
1248 1281 1393 1354 ἐρῶ),
1433 1289 1614 1351 quibus
1647 1289 1824 1338 Ae'tius

128 1364 396 1424 praeterea
440 1362 743 1424 adpellatur‚
795 1362 1046 1411 addidisse
1094 1362 1482 1425 Theodoretum,
1530 1364 1589 1410 ut
1635 1364 1824 1425 scrip-

129 1438 327 1484 torum
352 1436 573 1484 seriem
596 1437 667 1484 ad
700 1451 863 1484 suam
896 1451 1084 1498 usque
1116 1438 1380 1484 aetatem
1411 1437 1820 1501 continuaret,

129 1509 337 1558 Eusebii
386 1510 695 1572 auctoribuS,
750 1525 872 1572 quos
913 1525 1012 1557 non
1065 1509 1278 1570 adierat,
1334 1510 1601 1572 scriptores
1657 1513 1822 1559 aetate

132 1583 228 1631 sibi
257 1583 531 1645 proximos,
570 1599 782 1645 quorum
813 1584 921 1645 ipse
959 1583 1278 1644 pervolverat
1310 1583 1517 1646 scripta,
1557 1583 1825 1632 admodum

129 1656 388 1718 probabile
434 1656 505 1706 fit.
591 1656 733 1714 Quod
783 1657 827 1705 si
864 1655 1170 1716 conceditur,
1226 1671 1395 1705 omnes
1445 1657 1546 1705 iam
1593 1657 1654 1705 de
1708 1658 1826 1706 libri

130 1729 368 1779 Cornutei
406 1730 572 1779 indole
612 1730 950 1779 dubitationes
988 1731 1256 1778 tolluntur:
1297 1730 1444 1777 huius
1478 1730 1608 1778 enim
1642 1731 1824 1779 aetatis

128 1805 211 1853 vel
250 1805 453 1866 elegans
492 1807 572 1852 est
610 1804 976 1866 compendium,
1015 1804 1145 1865 quod
1183 1803 1524 1852 Theodoretus
1564 1804 1699 1852 haud
1736 1804 1823 1851 im-

127 1878 308 1926 merito
347 1878 556 1939 reliquis
595 1878 761 1941 libris,
802 1893 1013 1939 quorum
1049 1877 1282 1925 notitiam
1320 1893 1379 1924 ex
1418 1877 1637 1926 Eusebio
1675 1878 1825 1926 habe-

127 1951 238 2014 bat,
271 1950 467 1999 adicere
491 1946 726 2013 poterat'.
784 1951 926 1999 Hanc
952 1951 1334 2014 argumentandi
1358 1951 1603 1999 rationem
1634 1952 1825 1999 nullam

128 2024 462 2087 persuadendi
500 2025 853 2074 necessitatem
900 2024 1087 2073 habere
1131 2040 1230 2073 non
1278 2027 1355 2072 est
1401 2025 1531 2086 quod
1581 2040 1822 2074 mone-am.

80 2110 91 2116 ⁸
127 2097 268 2147 Idem
312 2113 432 2147 vero
481 2099 556 2147 vir
595 2114 723 2161 quae
761 2115 810 2160 p.
845 2101 872 2147 7
906 2099 939 2148 l.
971 2099 1003 2147 1.
1044 2098 1105 2146 de
1146 2096 1365 2146 Cornuto
1406 2097 1679 2161 PlatonicO,
1724 2114 1824 2147 non

131 2171 295 2229 Stoico
334 2174 450 2235 post
489 2171 700 2220 Galeum
739 2175 790 2220 et
841 2171 902 2220 de
947 2172 1227 2234 Porphyrio
1265 2172 1484 2220 fortasse
1529 2172 1637 2235 ipso
1676 2188 1822 2234 opus-

129 2245 229 2294 culi
258 2247 419 2294 nostri
450 2248 652 2296 auctore
691 2246 983 2308 disputavit,
1023 2261 1082 2293 ea
1108 2245 1193 2294 vix
1216 2245 1367 2309 digna
1391 2247 1508 2294 sunt
1531 2249 1822 2296 memoratu.

278 2318 536 2383 Sequitur,
566 2320 626 2368 ut
649 2320 710 2369 de
742 2320 814 2369 eis
845 2319 1185 2382 inscriptionis
1211 2319 1438 2382 opusculi
1467 2319 1658 2383 verbiS,
1697 2335 1824 2381 quae

128 2393 346 2442 auctoris
378 2408 561 2442 nomen
592 2396 852 2456 secuntur,
881 2408 1042 2456 pauca
1064 2392 1219 2442 verba
1240 2393 1498 2442 faciamus.
1559 2392 1656 2441 Hic
1677 2393 1821 2442 nobis

125 2465 253 2514 illud
292 2466 427 2514 haud
465 2467 590 2516 levis
628 2467 868 2516 momenti
905 2467 1104 2516 videtur
1144 2481 1272 2530 esse,
1314 2466 1447 2528 quod
1476 2466 1527 2514 in
1558 2466 1618 2515 N
1642 2466 1843 2531 codice,

128 2539 189 2588 de
228 2540 367 2588 cuius
407 2539 540 2589 inter
579 2540 779 2603 generis
820 2542 847 2589 b
885 2541 1041 2589 libros
1080 2555 1232 2588 manu
1274 2540 1485 2603 scriptos
1525 2540 1823 2589 auctoritate

127 2611 261 2661 infra
285 2613 519 2675 dicemus,
546 2617 597 2662 et
619 2613 673 2662 in
693 2614 948 2663 nonnullis
973 2614 1078 2663 eius
1107 2614 1392 2677 pedisequis
1417 2616 1620 2676 praeter
1642 2629 1821 2663 nomen

131 2681 425 2750 Κορνοῦτον
463 2688 604 2735 nulla
642 2688 840 2737 omnino
881 2688 1044 2750 operis
1083 2688 1340 2749 inscriptio
1380 2690 1602 2750 apparet.
1682 2686 1823 2743 Quod

128 2760 169 2807 si
206 2763 342 2809 recte
381 2761 726 2810 aestimaveris
777 2764 928 2824 atque
967 2761 1192 2810 codicum
1230 2761 1504 2809 affinitates
1545 2759 1820 2809 considera-

130 2833 281 2895 veris,
327 2834 474 2884 facile
512 2834 776 2898 intelleges
815 2835 1189 2897 inscriptionem
1228 2834 1415 2899 θεωρία
1453 2831 1564 2898 περὶ
1601 2834 1686 2895 τῆς
1723 2833 1819 2879 τῶν
