1998 3088
131 122 241 160 VIII
808 100 1168 148 PRAEFATIO.

135 230 252 292 post
276 227 390 278 Chr.
407 245 455 277 n.
480 227 731 277 saeculum
748 226 993 289 quadrare
1010 225 1220 276 videtur.
1234 220 1276 292 1)
1316 226 1454 285 Quae
1478 243 1589 276 cum
1613 227 1685 278 ita
1708 228 1827 290 sint,

135 319 226 352 nos
273 302 472 366 quidem
518 300 727 350 Cornuti
770 299 1054 363 philosophi
1106 317 1280 350 verum
1327 304 1477 364 atque
1531 317 1823 364 germanum

134 377 295 426 fetum
332 377 462 426 huno
500 375 727 425 libellum
765 389 1045 434 oensemuS‚
1084 389 1385 437 quamquam
1413 375 1633 424 fatemur
1661 391 1825 440 neque

135 451 454 513 profligatam
492 464 603 498 esse
639 448 768 497 hanc
809 448 1153 510 quaestionem
1192 448 1285 509 eiS‚
1324 464 1450 511 quae
1487 450 1634 499 modo
1674 450 1826 500 disse-

135 524 348 587 ruimus,
383 526 433 572 et
462 521 862 585 interpolationis
895 521 1030 569 luem
1061 522 1276 571 fortasse
1308 523 1461 571 etiam
1490 523 1643 572 latius
1676 539 1825 586 quam

135 597 461 646 indicavimus
490 612 580 659 per
604 595 898 658 opusculum
920 610 1138 644 manare.
1191 596 1381 644 Verum
1414 597 1665 646 enimvero
1697 597 1826 646 illud

137 673 354 731 constat,
393 685 598 732 prorsus
630 669 910 731 respuenda
941 684 1050 718 esse
1091 685 1218 731 quae
1256 670 1308 717 in
1347 685 1403 718 eo
1442 670 1689 734 libellulo,
1726 687 1827 733 quo

135 744 311 793 Ioanni
356 743 582 793 Schulzio
637 737 864 791 ‘munera
915 742 1116 805 publica
1153 745 1270 791 ante
1324 744 1414 792 hos
1461 744 1827 806 quinquaginta

137 833 291 867 annos
343 817 576 880 auspiciis
631 815 952 866 faustissimis
1009 817 1241 879 suscepta
1294 818 1698 880 congratulatum
1749 821 1829 867 est

139 891 467 955 Gymnasium
526 891 743 953 Regium
803 888 1050 938 Gallicum
1103 885 1450 939 Berolinense'
1515 887 1582 957 (a.
1641 887 1826 956 1858),

136 965 430 1028 Anonymus
477 965 679 1027 quidam
728 957 1080 1030 (Wollenberg
1125 966 1257 1013 teste
1295 957 1709 1031 Aschersonio²))
1764 966 1826 1014 de

137 1042 338 1087 auctore
364 1038 588 1100 opusculi
618 1037 778 1087 nostri
799 1039 1072 1099 proposuit.
1133 1037 1256 1086 Inde
1281 1038 1433 1101 enim,
1465 1038 1597 1100 quod
1624 1038 1828 1101 quidam

137 1112 328 1162 codices
362 1138 431 1145 —
466 1114 584 1160 sunt
614 1114 785 1160 autem
818 1111 923 1159 eius
962 1113 1162 1160 tantum
1199 1111 1397 1174 generis
1438 1112 1655 1173 codiceS‚
1694 1113 1828 1174 quod

134 1201 224 1235 nos
263 1186 436 1234 littera
475 1187 502 1234 b
540 1185 912 1248 insignivimuS‚
956 1211 1017 1219 --
1061 1185 1266 1234 ineunte
1312 1185 1472 1247 primo
1514 1185 1674 1247 capite
1711 1188 1829 1247 post

136 1250 174 1307 ὦ
204 1258 406 1308 παιδίον
443 1275 623 1308 nomen
659 1253 860 1324 γεώργιε
896 1259 1143 1318 inserunt,
1183 1260 1276 1307 hoc
1316 1258 1411 1307 sibi
1449 1258 1587 1307 visus
1628 1262 1707 1307 est
1744 1260 1824 1307 de-

134 1335 413 1381 monstrare
443 1348 613 1395 posse,
661 1331 937 1382 Cornutum
977 1333 1202 1394 opusculi
1239 1333 1301 1380 de
1338 1333 1594 1394 theologia
1634 1331 1825 1381 Graeca

135 1409 389 1456 auctorem
421 1405 640 1455 Cornuto
664 1405 826 1455 Persii
856 1406 1097 1468 magistro
1130 1407 1297 1454 aetate
1326 1406 1486 1454 multo
1519 1421 1629 1455 esse
1659 1409 1824 1468 poste-

133 1480 327 1529 riorem.
414 1479 542 1537 Quid
589 1480 722 1542 quod
769 1496 884 1528 eum
930 1480 994 1527 ad
1039 1479 1275 1546 Theoreti
1321 1481 1549 1541 tempora
1587 1474 1642 1544 (i.
1682 1495 1721 1529 e.
1761 1480 1825 1528 ad

134 1554 365 1616 quintum
410 1556 524 1615 post
565 1552 821 1602 Christum
860 1546 1136 1619 saeculum)
1180 1552 1336 1601 reicit.
1416 1552 1574 1610 Quam
1614 1552 1678 1601 ad
1717 1568 1826 1602 sen-

134 1627 344 1676 tentiam
389 1626 693 1675 fulciendam
739 1629 790 1675 et
837 1626 1185 1675 stabiliendam
1237 1629 1542 1689 argumenta
1573 1642 1700 1687 quae
1737 1627 1825 1675 ille

135 1701 281 1749 affert
319 1700 382 1748 ad
419 1701 631 1750 verbum
669 1700 750 1748 hic
786 1702 1032 1762 repetam,
1070 1716 1170 1750 non
1209 1715 1304 1762 quo
1343 1700 1560 1748 multum
1600 1700 1670 1748 eis
1710 1715 1828 1749 auc-

133 1773 352 1823 toritatis
385 1774 762 1823 attribuendum
791 1773 1029 1836 arbitrer,
1071 1774 1157 1822 sed
1188 1773 1306 1836 quia
1335 1774 1638 1834 libellulum,
1678 1789 1828 1835 quem

134 1847 256 1907 dixi,
295 1848 487 1896 frustra
517 1875 589 1881 —-
621 1850 823 1910 experto
863 1847 1060 1897 credas!
1083 1873 1157 1881 --
1183 1863 1241 1896 ex
1271 1847 1484 1909 publicis
1508 1847 1824 1897 bibliothecis

134 1923 222 1969 aut
261 1936 291 1968 a
328 1921 614 1983 bibliopolis
654 1922 880 1983 requiras
921 1924 972 1970 et
1010 1924 1178 1970 tamen
1209 1921 1572 1983 Wollenbergii
1611 1921 1672 1969 de
1708 1919 1825 1969 Cor-

133 1996 255 2042 nuto
307 1995 471 2056 opinio
527 1997 661 2043 certe
709 1995 861 2058 digna
915 1997 1012 2058 est,
1066 1995 1204 2043 cuius
1258 1994 1354 2044 viri
1407 1994 1539 2043 docti
1590 1994 1823 2042 notitiam

132 2067 376 2130 habeant3
421 2068 516 2116 hac
562 2068 814 2118 occasione
862 2069 1034 2118 oblata
1077 2069 1242 2116 facere
1293 2083 1394 2115 non
1446 2082 1650 2128 possum
1705 2068 1824 2129 quin

133 2141 546 2190 Maximiliano
580 2141 884 2202 Schulzi6‚
923 2141 1290 2200 Wiesbadensi,
1323 2141 1523 2189 Ioannis
1554 2140 1680 2202 filio,
1712 2140 1821 2190 viro

133 2214 578 2277 venerandissimo,
616 2215 808 2277 gratias
848 2230 996 2277 agam
1034 2213 1388 2277 amplissimas,
1436 2214 1567 2275 quod
1605 2213 1823 2263 Wollen-

133 2287 403 2349 bergianae
433 2287 569 2336 illius
599 2288 1062 2337 lucubratiunculae
1095 2303 1239 2336 suum
1271 2288 1551 2349 exemplum
1581 2286 1825 2336 utendum

133 2361 255 2408 mihi
294 2376 488 2410 summa
525 2377 636 2410 cum
673 2362 978 2410 liberalitate
1015 2361 1258 2424 permisit.
1325 2361 1639 2424 Argumenta
1667 2360 1825 2422 igitur

134 2434 449 2483 doctissimus
488 2435 575 2484 ille
613 2435 691 2484 vir
722 2435 842 2483 haec
882 2428 953 2501 (p.
995 2430 1051 2499 8)
1091 2435 1257 2483 affert:
1299 2429 1668 2483 ‘Theodoretus
1707 2434 1823 2483 Por-

132 2507 379 2570 phyriana
418 2523 544 2570 quae
582 2508 794 2570 praebet
832 2524 890 2556 ex
928 2509 1166 2568 EusebiO,
1216 2523 1315 2556 non
1362 2508 1613 2570 adpellato
1653 2508 1823 2555 autem

254 2635 297 2690 1)
316 2632 560 2678 Notabilia
582 2634 632 2677 in
657 2645 711 2678 eo
736 2647 904 2690 genere
930 2635 1037 2677 sunt
1059 2647 1223 2690 pauca,
1248 2634 1302 2677 ut
1324 2630 1525 2690 πότερον
1543 2659 1595 2665 -
1615 2628 1644 2689 ἤ
1663 2653 1718 2670 =
1735 2637 1818 2676 aut

133 2717 188 2726 -
215 2696 308 2746 aut,
335 2691 459 2748 quod
485 2693 805 2749 compluriens,
839 2694 887 2737 et
912 2689 1033 2749 τάχα
1058 2688 1105 2736 δ’
1135 2690 1181 2735 εἰ
1202 2713 1257 2728 =
1283 2693 1493 2746 forsitan,
1529 2691 1653 2748 quod
1677 2690 1822 2735 semel

130 2749 180 2794 in
210 2750 373 2795 libello
405 2752 565 2796 nostro
597 2751 818 2804 occurrit;
850 2752 939 2796 hoc
970 2753 1128 2796 tamen
1159 2750 1269 2794 vide
1289 2764 1347 2794 ne
1371 2749 1722 2807 interpolatoris
1745 2750 1819 2793 sit.

252 2811 297 2866 2)
327 2809 459 2854 Neue
490 2810 649 2854 Jahrb.
683 2809 714 2855 f.
747 2808 828 2852 Ph.
861 2811 956 2854 und
987 2810 1037 2854 P.
1074 2812 1201 2854 1859.
1235 2809 1277 2852 II
1307 2824 1351 2865 p.
1389 2813 1484 2853 103.
