<?xml version="1.0" encoding="UTF-8"?>
<!DOCTYPE html PUBLIC "-//W3C//DTD XHTML 1.0 Transitional//EN"
    "http://www.w3.org/TR/xhtml1/DTD/xhtml1-transitional.dtd">
<html xmlns="http://www.w3.org/1999/xhtml" xml:lang="en" lang="en">
 <head>
  <title>
</title>
<meta http-equiv="Content-Type" content="text/html;charset=utf-8" />
  <meta name='ocr-system' content='tesseract 3.04.00' />
  <meta name='ocr-capabilities' content='ocr_page ocr_carea ocr_par ocr_line ocrx_word'/>
</head>
<body>
  <div class='ocr_page' id='page_1' title='image "./cornutitheologia00cornuoft_0035.png"; bbox 0 0 1998 3088; ppageno 0'>
   <div class='ocr_carea' id='block_1_1' title="bbox 832 124 1803 175">
    <p class='ocr_par' dir='ltr' id='par_1_1' title="bbox 832 124 1803 175">
     <span class='ocr_line' id='line_1_1' title="bbox 832 124 1803 175; baseline 0.008 -8"><span class='ocrx_word' id='word_1_1' title='bbox 832 126 1164 168; x_wconf 82' lang='grc' dir='ltr'><strong>ΕΙΠΔΡΟΜΗ.</strong></span> <span class='ocrx_word' id='word_1_2' title='bbox 1738 124 1765 174; x_wconf 87' lang='grc'><strong>1</strong></span> <span class='ocrx_word' id='word_1_3' title='bbox 1776 126 1803 175; x_wconf 87' lang='grc'><strong>1</strong></span> 
     </span>
    </p>
   </div>
   <div class='ocr_carea' id='block_1_2' title="bbox 112 237 1849 1019">
    <p class='ocr_par' dir='ltr' id='par_1_2' title="bbox 112 237 1849 1019">
     <span class='ocr_line' id='line_1_2' title="bbox 115 237 1806 316; baseline -0.002 -17"><span class='ocrx_word' id='word_1_4' title='bbox 115 242 415 316; x_wconf 85' lang='grc' dir='ltr'><em>μασμένων</em></span> <span class='ocrx_word' id='word_1_5' title='bbox 447 242 554 300; x_wconf 89' lang='grc' dir='ltr'><em>ἀπὸ</em></span> <span class='ocrx_word' id='word_1_6' title='bbox 594 245 694 299; x_wconf 84' lang='grc' dir='ltr'><em>τοῦ</em></span> <span class='ocrx_word' id='word_1_7' title='bbox 732 245 960 297; x_wconf 87' lang='grc' dir='ltr'><em>τοιαῦτα</em></span> <span class='ocrx_word' id='word_1_8' title='bbox 999 239 1365 313; x_wconf 79' lang='grc' dir='ltr'><em>ἁμαρτάνειν,</em></span> <span class='ocrx_word' id='word_1_9' title='bbox 1399 238 1488 311; x_wconf 84' lang='grc' dir='ltr'><em>ἐφ’</em></span> <span class='ocrx_word' id='word_1_10' title='bbox 1535 237 1618 306; x_wconf 86' lang='grc' dir='ltr'><em>οἷς</em></span> <span class='ocrx_word' id='word_1_11' title='bbox 1657 245 1806 296; x_wconf 81' lang='grc' dir='ltr'><em>ἔστιν</em></span> 
     </span>
     <span class='ocr_line' id='line_1_3' title="bbox 114 327 1809 403; baseline -0.004 -15"><span class='ocrx_word' id='word_1_12' title='bbox 114 330 418 403; x_wconf 88' lang='grc' dir='ltr'><em>ἀλαστῆσαι</em></span> <span class='ocrx_word' id='word_1_13' title='bbox 457 331 548 386; x_wconf 87' lang='grc' dir='ltr'><em>καὶ</em></span> <span class='ocrx_word' id='word_1_14' title='bbox 589 330 874 399; x_wconf 80' lang='grc' dir='ltr'><em>στενάξαι,</em></span> <span class='ocrx_word' id='word_1_15' title='bbox 921 333 1035 385; x_wconf 79' lang='grc' dir='ltr'><em>τῶν</em></span> <span class='ocrx_word' id='word_1_16' title='bbox 1076 328 1139 384; x_wconf 75' lang='grc' dir='ltr'><em>δὲ</em></span> <span class='ocrx_word' id='word_1_17' title='bbox 1184 327 1291 384; x_wconf 85' lang='grc' dir='ltr'><em>ἀπὸ</em></span> <span class='ocrx_word' id='word_1_18' title='bbox 1331 330 1432 384; x_wconf 85' lang='grc' dir='ltr'><em>τοῦ</em></span> <span class='ocrx_word' id='word_1_19' title='bbox 1481 338 1601 392; x_wconf 84' lang='grc' dir='ltr'><em>ταῖς</em></span> <span class='ocrx_word' id='word_1_20' title='bbox 1637 328 1809 383; x_wconf 89' lang='grc' dir='ltr'><em>παλά-</em></span> 
     </span>
     <span class='ocr_line' id='line_1_4' title="bbox 119 414 1810 492; baseline -0.003 -17"><span class='ocrx_word' id='word_1_21' title='bbox 119 442 247 491; x_wconf 90' lang='grc' dir='ltr'><em>μαις</em></span> <span class='ocrx_word' id='word_1_22' title='bbox 284 419 563 492; x_wconf 82' lang='grc' dir='ltr'><em>μιάσματα</em></span> <span class='ocrx_word' id='word_1_23' title='bbox 602 416 883 475; x_wconf 90' lang='grc' dir='ltr'><em>ἀνέκθυτα</em></span> <span class='ocrx_word' id='word_1_24' title='bbox 921 416 1222 473; x_wconf 80' lang='grc' dir='ltr'><em>ἀποτελεῖν.</em></span> <span class='ocrx_word' id='word_1_25' title='bbox 1292 437 1333 471; x_wconf 83' lang='lat' dir='ltr'><em>c.</em></span> <span class='ocrx_word' id='word_1_26' title='bbox 1370 419 1451 472; x_wconf 90' lang='grc'><em>10.</em></span> <span class='ocrx_word' id='word_1_27' title='bbox 1490 414 1649 472; x_wconf 82' lang='grc' dir='ltr'><em>Κατὰ</em></span> <span class='ocrx_word' id='word_1_28' title='bbox 1684 419 1810 471; x_wconf 87' lang='grc' dir='ltr'><em>τοῦ-</em></span> 
     </span>
     <span class='ocr_line' id='line_1_5' title="bbox 113 504 1804 579; baseline -0.002 -15"><span class='ocrx_word' id='word_1_29' title='bbox 113 530 213 564; x_wconf 88' lang='grc' dir='ltr'><em>τον</em></span> <span class='ocrx_word' id='word_1_30' title='bbox 252 507 354 563; x_wconf 89' lang='grc' dir='ltr'><em>τὸν</em></span> <span class='ocrx_word' id='word_1_31' title='bbox 398 507 570 579; x_wconf 90' lang='grc' dir='ltr'><em>λόγον</em></span> <span class='ocrx_word' id='word_1_32' title='bbox 617 507 708 562; x_wconf 88' lang='grc' dir='ltr'><em>καὶ</em></span> <span class='ocrx_word' id='word_1_33' title='bbox 756 509 818 562; x_wconf 76' lang='grc' dir='ltr'><em>αἱ</em></span> <span class='ocrx_word' id='word_1_34' title='bbox 859 505 1152 577; x_wconf 79' lang='grc' dir='ltr'><em>λεγόμεναι</em></span> <span class='ocrx_word' id='word_1_35' title='bbox 1190 504 1529 578; x_wconf 89' lang='grc' dir='ltr'><em>Ἐριννύες</em></span> <span class='ocrx_word' id='word_1_36' title='bbox 1574 506 1804 577; x_wconf 84' lang='grc' dir='ltr'><em>γεγόνα-</em></span> 
     </span>
     <span class='ocr_line' id='line_1_6' title="bbox 113 588 1849 668; baseline -0.001 -16"><span class='ocrx_word' id='word_1_37' title='bbox 113 612 232 666; x_wconf 89' lang='grc' dir='ltr'><em>σιν,</em></span> <span class='ocrx_word' id='word_1_38' title='bbox 280 595 627 667; x_wconf 85' lang='grc' dir='ltr'><em>ε’ρευνήτριαι</em></span> <span class='ocrx_word' id='word_1_39' title='bbox 673 597 786 650; x_wconf 79' lang='grc' dir='ltr'><em>τῶν</em></span> <span class='ocrx_word' id='word_1_40' title='bbox 826 592 1262 666; x_wconf 81' lang='grc' dir='ltr'><em>ἁμαρτανόντων</em></span> <span class='ocrx_word' id='word_1_41' title='bbox 1304 588 1494 665; x_wconf 81' lang='grc' dir='ltr'><em>οὖσαι,</em></span> <span class='ocrx_word' id='word_1_42' title='bbox 1543 596 1804 668; x_wconf 77' lang='grc' dir='ltr'><em>Μέγαιρα</em></span> <span class='ocrx_word' id='word_1_43' title='bbox 1828 619 1849 651; x_wconf 86' lang='lat'><strong>5</strong></span> 
     </span>
     <span class='ocr_line' id='line_1_7' title="bbox 112 679 1811 754; baseline 0.001 -15"><span class='ocrx_word' id='word_1_44' title='bbox 112 684 205 739; x_wconf 89' lang='grc' dir='ltr'><em>καὶ</em></span> <span class='ocrx_word' id='word_1_45' title='bbox 252 682 525 754; x_wconf 84' lang='grc' dir='ltr'><em>Τισιφόνη</em></span> <span class='ocrx_word' id='word_1_46' title='bbox 568 682 660 738; x_wconf 89' lang='grc' dir='ltr'><em>καὶ</em></span> <span class='ocrx_word' id='word_1_47' title='bbox 693 681 957 754; x_wconf 80' lang='grc' dir='ltr'><em>Ἀληκτώ,</em></span> <span class='ocrx_word' id='word_1_48' title='bbox 1006 679 1238 753; x_wconf 80' lang='grc' dir='ltr'><em>ὡσπερεὶ</em></span> <span class='ocrx_word' id='word_1_49' title='bbox 1286 687 1649 754; x_wconf 88' lang='grc' dir='ltr'><em>μεγαίροντος</em></span> <span class='ocrx_word' id='word_1_50' title='bbox 1693 696 1811 749; x_wconf 90' lang='grc' dir='ltr'><em>τοῖς</em></span> 
     </span>
     <span class='ocr_line' id='line_1_8' title="bbox 112 770 1809 843; baseline 0 -15"><span class='ocrx_word' id='word_1_51' title='bbox 112 771 387 836; x_wconf 82' lang='grc' dir='ltr'><em>τοιούτοις</em></span> <span class='ocrx_word' id='word_1_52' title='bbox 432 774 534 827; x_wconf 86' lang='grc' dir='ltr'><em>τοῦ</em></span> <span class='ocrx_word' id='word_1_53' title='bbox 580 774 722 826; x_wconf 83' lang='grc' dir='ltr'><em>θεοῦ</em></span> <span class='ocrx_word' id='word_1_54' title='bbox 769 771 858 826; x_wconf 89' lang='grc' dir='ltr'><em>καὶ</em></span> <span class='ocrx_word' id='word_1_55' title='bbox 905 771 1244 842; x_wconf 88' lang='grc' dir='ltr'><em>τιννυμένου</em></span> <span class='ocrx_word' id='word_1_56' title='bbox 1290 770 1422 837; x_wconf 85' lang='grc' dir='ltr'><em>τοὺς</em></span> <span class='ocrx_word' id='word_1_57' title='bbox 1472 774 1809 843; x_wconf 71' lang='grc' dir='ltr'><em>γινομένους</em></span> 
     </span>
     <span class='ocr_line' id='line_1_9' title="bbox 112 857 1807 931; baseline 0.001 -16"><span class='ocrx_word' id='word_1_58' title='bbox 112 858 206 916; x_wconf 82' lang='grc' dir='ltr'><em>ὑπ’</em></span> <span class='ocrx_word' id='word_1_59' title='bbox 250 857 435 915; x_wconf 76' lang='grc' dir='ltr'><em>αὐτῶν</em></span> <span class='ocrx_word' id='word_1_60' title='bbox 482 858 699 931; x_wconf 80' lang='grc' dir='ltr'><em>φόνους</em></span> <span class='ocrx_word' id='word_1_61' title='bbox 747 860 838 914; x_wconf 87' lang='grc' dir='ltr'><em>καὶ</em></span> <span class='ocrx_word' id='word_1_62' title='bbox 876 858 1126 930; x_wconf 83' lang='grc' dir='ltr'><em>ἀλήκτως</em></span> <span class='ocrx_word' id='word_1_63' title='bbox 1174 860 1266 915; x_wconf 88' lang='grc' dir='ltr'><em>καὶ</em></span> <span class='ocrx_word' id='word_1_64' title='bbox 1305 857 1598 926; x_wconf 79' lang='grc' dir='ltr'><em>ἀπαύστως</em></span> <span class='ocrx_word' id='word_1_65' title='bbox 1642 864 1807 916; x_wconf 86' lang='grc' dir='ltr'><em>τοῦτο</em></span> 
     </span>
     <span class='ocr_line' id='line_1_10' title="bbox 112 941 1810 1019; baseline -0.001 -15"><span class='ocrx_word' id='word_1_66' title='bbox 112 951 424 1013; x_wconf 87' lang='grc' dir='ltr'><em>ποιοῦντος.</em></span> <span class='ocrx_word' id='word_1_67' title='bbox 487 948 704 1019; x_wconf 84' lang='grc' dir='ltr'><em>Σεμναὶ</em></span> <span class='ocrx_word' id='word_1_68' title='bbox 738 945 792 1002; x_wconf 92' lang='grc' dir='ltr'><em>δ’</em></span> <span class='ocrx_word' id='word_1_69' title='bbox 822 946 997 1012; x_wconf 80' lang='grc' dir='ltr'><em>ὅντως</em></span> <span class='ocrx_word' id='word_1_70' title='bbox 1035 941 1198 1004; x_wconf 81' lang='grc' dir='ltr'><em>αὗται</em></span> <span class='ocrx_word' id='word_1_71' title='bbox 1237 951 1298 1003; x_wconf 76' lang='grc' dir='ltr'><em>αἱ</em></span> <span class='ocrx_word' id='word_1_72' title='bbox 1333 948 1463 1004; x_wconf 85' lang='grc' dir='ltr'><em>θεαὶ</em></span> <span class='ocrx_word' id='word_1_73' title='bbox 1501 949 1591 1003; x_wconf 87' lang='grc' dir='ltr'><em>καὶ</em></span> <span class='ocrx_word' id='word_1_74' title='bbox 1633 947 1810 1019; x_wconf 81' lang='grc' dir='ltr'><em>Εὐμε-</em></span> 
     </span>
    </p>
   </div>
   <div class='ocr_carea' id='block_1_3' title="bbox 14 1034 1876 1108">
    <p class='ocr_par' dir='ltr' id='par_1_3' title="bbox 14 1034 1876 1108">
     <span class='ocr_line' id='line_1_11' title="bbox 14 1034 1876 1108; baseline -0.001 -16"><span class='ocrx_word' id='word_1_75' title='bbox 14 1053 26 1059; x_wconf 88' lang='grc'>·</span> <span class='ocrx_word' id='word_1_76' title='bbox 112 1039 265 1102; x_wconf 88' lang='grc' dir='ltr'><em>νίδες</em></span> <span class='ocrx_word' id='word_1_77' title='bbox 303 1040 430 1092; x_wconf 86' lang='grc' dir='ltr'><em>εἰσί·</em></span> <span class='ocrx_word' id='word_1_78' title='bbox 477 1036 614 1093; x_wconf 81' lang='grc' dir='ltr'><em>κατὰ</em></span> <span class='ocrx_word' id='word_1_79' title='bbox 664 1035 770 1108; x_wconf 84' lang='grc' dir='ltr'><em>γὰρ</em></span> <span class='ocrx_word' id='word_1_80' title='bbox 818 1035 921 1108; x_wconf 86' lang='grc' dir='ltr'><em>τὴν</em></span> <span class='ocrx_word' id='word_1_81' title='bbox 968 1039 1047 1102; x_wconf 84' lang='grc' dir='ltr'><em>εἰς</em></span> <span class='ocrx_word' id='word_1_82' title='bbox 1091 1035 1222 1102; x_wconf 84' lang='grc' dir='ltr'><em>τοὺς</em></span> <span class='ocrx_word' id='word_1_83' title='bbox 1269 1035 1610 1108; x_wconf 76' lang='grc' dir='ltr'><em>ἀνθρώπους</em></span> <span class='ocrx_word' id='word_1_84' title='bbox 1655 1034 1808 1108; x_wconf 80' lang='grc' dir='ltr'><em>εὐμέ·</em></span> <span class='ocrx_word' id='word_1_85' title='bbox 1834 1058 1876 1090; x_wconf 83' lang='grc' dir='ltr'><em>ιο</em></span> 
     </span>
    </p>
   </div>
   <div class='ocr_carea' id='block_1_4' title="bbox 99 1124 1874 2008">
    <p class='ocr_par' dir='ltr' id='par_1_4' title="bbox 99 1124 1874 1888">
     <span class='ocr_line' id='line_1_12' title="bbox 111 1124 1807 1197; baseline 0 -17"><span class='ocrx_word' id='word_1_86' title='bbox 111 1147 270 1180; x_wconf 90' lang='grc' dir='ltr'><em>νειαν</em></span> <span class='ocrx_word' id='word_1_87' title='bbox 315 1129 413 1196; x_wconf 89' lang='grc' dir='ltr'><em>τῆς</em></span> <span class='ocrx_word' id='word_1_88' title='bbox 460 1125 681 1196; x_wconf 88' lang='grc' dir='ltr'><em>φύσεως</em></span> <span class='ocrx_word' id='word_1_89' title='bbox 731 1126 1073 1180; x_wconf 81' lang='grc' dir='ltr'><em>διατέτακται</em></span> <span class='ocrx_word' id='word_1_90' title='bbox 1125 1126 1218 1180; x_wconf 90' lang='grc' dir='ltr'><em>καὶ</em></span> <span class='ocrx_word' id='word_1_91' title='bbox 1266 1124 1327 1180; x_wconf 90' lang='grc' dir='ltr'><em>τὸ</em></span> <span class='ocrx_word' id='word_1_92' title='bbox 1379 1125 1483 1195; x_wconf 79' lang='grc' dir='ltr'><em>τὴν</em></span> <span class='ocrx_word' id='word_1_93' title='bbox 1529 1130 1807 1197; x_wconf 84' lang='grc' dir='ltr'><em>πονηρίαν</em></span> 
     </span>
     <span class='ocr_line' id='line_1_13' title="bbox 110 1211 1808 1286; baseline 0.001 -17"><span class='ocrx_word' id='word_1_94' title='bbox 110 1211 456 1280; x_wconf 81' lang='grc' dir='ltr'><em>κολάζεσθαι.</em></span> <span class='ocrx_word' id='word_1_95' title='bbox 521 1212 822 1285; x_wconf 77' lang='grc' dir='ltr'><em>φρικώδεις</em></span> <span class='ocrx_word' id='word_1_96' title='bbox 861 1212 923 1269; x_wconf 75' lang='grc' dir='ltr'><em>δὲ</em></span> <span class='ocrx_word' id='word_1_97' title='bbox 960 1212 1057 1279; x_wconf 84' lang='grc' dir='ltr'><em>τὰς</em></span> <span class='ocrx_word' id='word_1_98' title='bbox 1097 1212 1253 1280; x_wconf 79' lang='grc' dir='ltr'><em>ὄψεις</em></span> <span class='ocrx_word' id='word_1_99' title='bbox 1291 1218 1506 1285; x_wconf 81' lang='grc' dir='ltr'><em>ἔχουσι,</em></span> <span class='ocrx_word' id='word_1_100' title='bbox 1546 1216 1680 1286; x_wconf 88' lang='grc' dir='ltr'><em>πυρὶ</em></span> <span class='ocrx_word' id='word_1_101' title='bbox 1716 1217 1808 1270; x_wconf 89' lang='grc' dir='ltr'><em>καὶ</em></span> 
     </span>
     <span class='ocr_line' id='line_1_14' title="bbox 112 1299 1806 1374; baseline 0.001 -17"><span class='ocrx_word' id='word_1_102' title='bbox 112 1301 329 1373; x_wconf 84' lang='grc' dir='ltr'><em>μάστιξι</em></span> <span class='ocrx_word' id='word_1_103' title='bbox 374 1301 505 1367; x_wconf 88' lang='grc' dir='ltr'><em>τοὺς</em></span> <span class='ocrx_word' id='word_1_104' title='bbox 541 1301 760 1373; x_wconf 78' lang='grc' dir='ltr'><em>ἀσεβεῖς</em></span> <span class='ocrx_word' id='word_1_105' title='bbox 800 1301 1103 1357; x_wconf 78' lang='grc' dir='ltr'><em>διώκουσαι</em></span> <span class='ocrx_word' id='word_1_106' title='bbox 1143 1302 1235 1357; x_wconf 81' lang='grc' dir='ltr'><em>καὶ</em></span> <span class='ocrx_word' id='word_1_107' title='bbox 1275 1299 1680 1374; x_wconf 87' lang='grc' dir='ltr'><em>ὀφιοπλόκαμοι</em></span> <span class='ocrx_word' id='word_1_108' title='bbox 1723 1310 1806 1358; x_wconf 85' lang='grc' dir='ltr'><em>λε-</em></span> 
     </span>
     <span class='ocr_line' id='line_1_15' title="bbox 111 1389 1808 1465; baseline 0 -19"><span class='ocrx_word' id='word_1_109' title='bbox 111 1390 370 1462; x_wconf 88' lang='grc' dir='ltr'><em>γόμεναι,</em></span> <span class='ocrx_word' id='word_1_110' title='bbox 420 1393 494 1465; x_wconf 79' lang='grc' dir='ltr'><em>τῷ</em></span> <span class='ocrx_word' id='word_1_111' title='bbox 539 1389 803 1460; x_wconf 82' lang='grc' dir='ltr'><em>τοιαύτην</em></span> <span class='ocrx_word' id='word_1_112' title='bbox 848 1401 965 1455; x_wconf 87' lang='grc' dir='ltr'><em>τοῖς</em></span> <span class='ocrx_word' id='word_1_113' title='bbox 1010 1401 1200 1456; x_wconf 82' lang='grc' dir='ltr'><em>κακοῖς</em></span> <span class='ocrx_word' id='word_1_114' title='bbox 1247 1394 1561 1462; x_wconf 84' lang='grc' dir='ltr'><em>φαντασίαν</em></span> <span class='ocrx_word' id='word_1_115' title='bbox 1607 1400 1808 1461; x_wconf 89' lang='grc' dir='ltr'><em>ποιεῖν,</em></span> 
     </span>
     <span class='ocr_line' id='line_1_16' title="bbox 114 1475 1874 1551; baseline 0 -17"><span class='ocrx_word' id='word_1_116' title='bbox 114 1477 179 1544; x_wconf 78' lang='grc' dir='ltr'><em>ἀς</em></span> <span class='ocrx_word' id='word_1_117' title='bbox 217 1475 289 1534; x_wconf 76' lang='grc' dir='ltr'><em>ἄν</em></span> <span class='ocrx_word' id='word_1_118' title='bbox 328 1475 630 1534; x_wconf 87' lang='grc' dir='ltr'><em>ἀποτίνωσι</em></span> <span class='ocrx_word' id='word_1_119' title='bbox 669 1476 868 1542; x_wconf 82' lang='grc' dir='ltr'><em>ποινὰς</em></span> <span class='ocrx_word' id='word_1_120' title='bbox 900 1476 1023 1533; x_wconf 87' lang='grc' dir='ltr'><em>ἀντὶ</em></span> <span class='ocrx_word' id='word_1_121' title='bbox 1054 1483 1167 1534; x_wconf 78' lang='grc' dir='ltr'><em>τῶν</em></span> <span class='ocrx_word' id='word_1_122' title='bbox 1199 1479 1693 1551; x_wconf 81' lang='grc' dir='ltr'><em>πλημμελημάτων.</em></span> <span class='ocrx_word' id='word_1_123' title='bbox 1747 1482 1806 1536; x_wconf 83' lang='grc' dir='ltr'><em>ἐν</em></span> <span class='ocrx_word' id='word_1_124' title='bbox 1832 1500 1874 1534; x_wconf 86' lang='lat'><em>15</em></span> 
     </span>
     <span class='ocr_line' id='line_1_17' title="bbox 99 1565 1807 1640; baseline 0.001 -18"><span class='ocrx_word' id='word_1_125' title='bbox 99 1565 297 1622; x_wconf 71' lang='grc' dir='ltr'><em>’Ἅιδου</em></span> <span class='ocrx_word' id='word_1_126' title='bbox 345 1566 406 1622; x_wconf 78' lang='grc' dir='ltr'><em>δὲ</em></span> <span class='ocrx_word' id='word_1_127' title='bbox 454 1569 627 1623; x_wconf 88' lang='grc' dir='ltr'><em>οἰκεῖν</em></span> <span class='ocrx_word' id='word_1_128' title='bbox 673 1567 929 1637; x_wconf 86' lang='grc' dir='ltr'><em>λέγονται</em></span> <span class='ocrx_word' id='word_1_129' title='bbox 977 1565 1071 1622; x_wconf 81' lang='grc' dir='ltr'><em>διὰ</em></span> <span class='ocrx_word' id='word_1_130' title='bbox 1115 1566 1178 1623; x_wconf 87' lang='grc' dir='ltr'><em>τὸ</em></span> <span class='ocrx_word' id='word_1_131' title='bbox 1226 1570 1288 1624; x_wconf 83' lang='grc' dir='ltr'><em>έν</em></span> <span class='ocrx_word' id='word_1_132' title='bbox 1336 1567 1547 1640; x_wconf 85' lang='grc' dir='ltr'><em>ἀσαφεῖ</em></span> <span class='ocrx_word' id='word_1_133' title='bbox 1583 1576 1807 1633; x_wconf 82' lang='grc' dir='ltr'><em>κεῖσθαι</em></span> 
     </span>
     <span class='ocr_line' id='line_1_18' title="bbox 112 1653 1802 1727; baseline -0.001 -16"><span class='ocrx_word' id='word_1_134' title='bbox 112 1655 210 1720; x_wconf 86' lang='grc' dir='ltr'><em>τὰς</em></span> <span class='ocrx_word' id='word_1_135' title='bbox 247 1653 462 1711; x_wconf 87' lang='grc' dir='ltr'><em>τούτων</em></span> <span class='ocrx_word' id='word_1_136' title='bbox 502 1659 682 1720; x_wconf 83' lang='grc' dir='ltr'><em>αἰκίας</em></span> <span class='ocrx_word' id='word_1_137' title='bbox 712 1655 802 1710; x_wconf 86' lang='grc' dir='ltr'><em>καὶ</em></span> <span class='ocrx_word' id='word_1_138' title='bbox 836 1653 1188 1725; x_wconf 88' lang='grc' dir='ltr'><em>ἀπρόορατον</em></span> <span class='ocrx_word' id='word_1_139' title='bbox 1220 1657 1556 1726; x_wconf 80' lang='grc' dir='ltr'><em>ἐφίστασθαι</em></span> <span class='ocrx_word' id='word_1_140' title='bbox 1586 1655 1691 1727; x_wconf 85' lang='grc' dir='ltr'><em>τὴν</em></span> <span class='ocrx_word' id='word_1_141' title='bbox 1728 1661 1802 1712; x_wconf 86' lang='grc' dir='ltr'><em>τί-</em></span> 
     </span>
     <span class='ocr_line' id='line_1_19' title="bbox 115 1741 1804 1814; baseline 0 -15"><span class='ocrx_word' id='word_1_142' title='bbox 115 1759 207 1799; x_wconf 91' lang='grc' dir='ltr'><em>σιν</em></span> <span class='ocrx_word' id='word_1_143' title='bbox 244 1755 360 1809; x_wconf 89' lang='grc' dir='ltr'><em>τοῖς</em></span> <span class='ocrx_word' id='word_1_144' title='bbox 390 1741 579 1811; x_wconf 83' lang='grc' dir='ltr'><em>ἀξίοις.</em></span> <span class='ocrx_word' id='word_1_145' title='bbox 648 1764 690 1799; x_wconf 84' lang='lat' dir='ltr'><em>e.</em></span> <span class='ocrx_word' id='word_1_146' title='bbox 727 1747 810 1799; x_wconf 92' lang='grc'><em>11.</em></span> <span class='ocrx_word' id='word_1_147' title='bbox 853 1741 1202 1809; x_wconf 85' lang='grc' dir='ltr'><em>Ἀκολούθως</em></span> <span class='ocrx_word' id='word_1_148' title='bbox 1236 1743 1297 1799; x_wconf 75' lang='grc' dir='ltr'><em>δὲ</em></span> <span class='ocrx_word' id='word_1_149' title='bbox 1336 1744 1554 1809; x_wconf 90' lang='grc' dir='ltr'><em>τούτοις</em></span> <span class='ocrx_word' id='word_1_150' title='bbox 1592 1745 1804 1814; x_wconf 86' lang='grc' dir='ltr'><em>λέγεται</em></span> 
     </span>
     <span class='ocr_line' id='line_1_20' title="bbox 114 1830 331 1888; baseline 0.005 -1"><span class='ocrx_word' id='word_1_151' title='bbox 114 1832 205 1887; x_wconf 87' lang='grc' dir='ltr'><em>καὶ</em></span> <span class='ocrx_word' id='word_1_152' title='bbox 247 1830 331 1888; x_wconf 82' lang='grc' dir='ltr'><em>ὅτι</em></span> 
     </span>
    </p>

    <p class='ocr_par' dir='ltr' id='par_1_5' title="bbox 188 1932 1874 2008">
     <span class='ocr_line' id='line_1_21' title="bbox 188 1932 1874 2008; baseline 0 -18"><span class='ocrx_word' id='word_1_153' title='bbox 188 1933 348 1991; x_wconf 87' lang='grc' dir='ltr'><em>πάντ’</em></span> <span class='ocrx_word' id='word_1_154' title='bbox 393 1936 569 2008; x_wconf 78' lang='grc' dir='ltr'><em>ἐφορᾷ</em></span> <span class='ocrx_word' id='word_1_155' title='bbox 610 1932 772 1999; x_wconf 87' lang='grc' dir='ltr'><em>Διὸς</em></span> <span class='ocrx_word' id='word_1_156' title='bbox 813 1932 1109 2006; x_wconf 72' lang='grc' dir='ltr'><em>ἐφθαλμὸς</em></span> <span class='ocrx_word' id='word_1_157' title='bbox 1146 1935 1237 1990; x_wconf 85' lang='grc' dir='ltr'><em>καὶ</em></span> <span class='ocrx_word' id='word_1_158' title='bbox 1277 1933 1438 1991; x_wconf 91' lang='grc' dir='ltr'><em>πάντ’</em></span> <span class='ocrx_word' id='word_1_159' title='bbox 1484 1935 1755 1992; x_wconf 84' lang='grc' dir='ltr'><em>ἐπακούει.</em></span> <span class='ocrx_word' id='word_1_160' title='bbox 1829 1969 1874 2000; x_wconf 73' lang='lat'><em>20</em></span> 
     </span>
    </p>
   </div>
   <div class='ocr_carea' id='block_1_5' title="bbox 113 2047 1804 2125">
    <p class='ocr_par' dir='ltr' id='par_1_6' title="bbox 113 2047 1804 2125">
     <span class='ocr_line' id='line_1_22' title="bbox 113 2047 1804 2125; baseline -0.001 -16"><span class='ocrx_word' id='word_1_161' title='bbox 113 2057 230 2119; x_wconf 77' lang='grc' dir='ltr'><em>πῶς</em></span> <span class='ocrx_word' id='word_1_162' title='bbox 266 2052 374 2125; x_wconf 80' lang='grc' dir='ltr'><em>γὰρ</em></span> <span class='ocrx_word' id='word_1_163' title='bbox 415 2047 538 2109; x_wconf 85' lang='grc' dir='ltr'><em>οἶόν</em></span> <span class='ocrx_word' id='word_1_164' title='bbox 577 2052 638 2106; x_wconf 89' lang='grc' dir='ltr'><em>τέ</em></span> <span class='ocrx_word' id='word_1_165' title='bbox 673 2053 787 2109; x_wconf 86' lang='grc' dir='ltr'><em>ἐστι</em></span> <span class='ocrx_word' id='word_1_166' title='bbox 825 2051 927 2124; x_wconf 88' lang='grc' dir='ltr'><em>τὴν</em></span> <span class='ocrx_word' id='word_1_167' title='bbox 969 2051 1062 2108; x_wconf 82' lang='grc' dir='ltr'><em>διὰ</em></span> <span class='ocrx_word' id='word_1_168' title='bbox 1092 2052 1318 2109; x_wconf 89' lang='grc' dir='ltr'><em>πάντων</em></span> <span class='ocrx_word' id='word_1_169' title='bbox 1360 2052 1666 2125; x_wconf 86' lang='grc' dir='ltr'><em>διήκουσαν</em></span> <span class='ocrx_word' id='word_1_170' title='bbox 1707 2052 1804 2108; x_wconf 86' lang='grc' dir='ltr'><em>δύ-</em></span> 
     </span>
    </p>
   </div>
   <div class='ocr_carea' id='block_1_6' title="bbox 115 2208 1858 2864">
    <p class='ocr_par' dir='ltr' id='par_1_7' title="bbox 233 2208 1455 2281">
     <span class='ocr_line' id='line_1_23' title="bbox 233 2208 1455 2281; baseline 0.001 -8"><span class='ocrx_word' id='word_1_171' title='bbox 233 2208 274 2274; x_wconf 95' lang='lat'><em>3.</em></span> <span class='ocrx_word' id='word_1_172' title='bbox 307 2225 576 2274; x_wconf 84' lang='grc' dir='ltr'><em>ἀνέκπλυτα</em></span> <span class='ocrx_word' id='word_1_173' title='bbox 607 2231 633 2274; x_wconf 89' lang='lat' dir='ltr'><strong><em>b</em></strong></span> <span class='ocrx_word' id='word_1_174' title='bbox 666 2226 987 2281; x_wconf 84' lang='grc' dir='ltr'><em>ἀνεκπλύτους</em></span> <span class='ocrx_word' id='word_1_175' title='bbox 1018 2244 1042 2275; x_wconf 86' lang='lat' dir='ltr'><strong><em>c</em></strong></span> <span class='ocrx_word' id='word_1_176' title='bbox 1075 2255 1129 2263; x_wconf 92' lang='lat'>—</span> <span class='ocrx_word' id='word_1_177' title='bbox 1164 2226 1393 2274; x_wconf 80' lang='grc' dir='ltr'><em>ἐπιτελεῖν</em></span> <span class='ocrx_word' id='word_1_178' title='bbox 1425 2244 1455 2274; x_wconf 84' lang='grc' dir='ltr'><em>α</em></span> 
     </span>
    </p>

    <p class='ocr_par' dir='ltr' id='par_1_8' title="bbox 115 2285 1858 2818">
     <span class='ocr_line' id='line_1_24' title="bbox 232 2285 1808 2362; baseline -0.001 -29"><span class='ocrx_word' id='word_1_179' title='bbox 232 2288 287 2334; x_wconf 87' lang='lat' dir='ltr'><em>X.</em></span> <span class='ocrx_word' id='word_1_180' title='bbox 320 2293 362 2332; x_wconf 84' lang='grc'><em>4.</em></span> <span class='ocrx_word' id='word_1_181' title='bbox 389 2294 429 2334; x_wconf 86' lang='grc'><em>5.</em></span> <span class='ocrx_word' id='word_1_182' title='bbox 454 2285 704 2345; x_wconf 78' lang='grc' dir='ltr'><em>γεγόνασιν</em></span> <span class='ocrx_word' id='word_1_183' title='bbox 732 2285 797 2346; x_wconf 76' lang='grc' dir='ltr'><strong>ἐρ.</strong></span> <span class='ocrx_word' id='word_1_184' title='bbox 827 2289 999 2334; x_wconf 80' lang='lat' dir='ltr'><strong><em>XLbe</em></strong></span> <span class='ocrx_word' id='word_1_185' title='bbox 1024 2314 1078 2322; x_wconf 91' lang='lat'><strong>—</strong></span> <span class='ocrx_word' id='word_1_186' title='bbox 1115 2294 1154 2333; x_wconf 91' lang='lat'><em>5.</em></span> <span class='ocrx_word' id='word_1_187' title='bbox 1177 2287 1380 2362; x_wconf 68' lang='grc' dir='ltr'><em>μέγαιρα</em></span> <span class='ocrx_word' id='word_1_188' title='bbox 1407 2287 1527 2347; x_wconf 85' lang='grc' dir='ltr'><em>[καὶ]</em></span> <span class='ocrx_word' id='word_1_189' title='bbox 1554 2303 1640 2332; x_wconf 90' lang='grc' dir='ltr'><em>τισ</em></span> <span class='ocrx_word' id='word_1_190' title='bbox 1663 2303 1692 2333; x_wconf 86' lang='lat' dir='ltr'><strong><em>a</em></strong></span> <span class='ocrx_word' id='word_1_191' title='bbox 1694 2285 1808 2332; x_wconf 80' lang='lat' dir='ltr'><em>&#39;VG</em></span> 
     </span>
     <span class='ocr_line' id='line_1_25' title="bbox 117 2341 1814 2419; baseline -0.001 -27"><span class='ocrx_word' id='word_1_192' title='bbox 117 2373 172 2380; x_wconf 90' lang='lat'>—</span> <span class='ocrx_word' id='word_1_193' title='bbox 206 2353 246 2393; x_wconf 91' lang='grc'><em>7.</em></span> <span class='ocrx_word' id='word_1_194' title='bbox 278 2364 316 2394; x_wconf 87' lang='grc' dir='ltr'><strong>τ.</strong></span> <span class='ocrx_word' id='word_1_195' title='bbox 341 2344 370 2404; x_wconf 85' lang='grc' dir='ltr'>ἢ</span> <span class='ocrx_word' id='word_1_196' title='bbox 395 2346 746 2405; x_wconf 84' lang='grc' dir='ltr'><em>τιμωρουμένου</em></span> <span class='ocrx_word' id='word_1_197' title='bbox 779 2361 802 2392; x_wconf 86' lang='lat' dir='ltr'>c</span> <span class='ocrx_word' id='word_1_198' title='bbox 835 2374 889 2379; x_wconf 96' lang='lat'><strong>—</strong></span> <span class='ocrx_word' id='word_1_199' title='bbox 923 2352 964 2392; x_wconf 87' lang='lat'><em>9.</em></span> <span class='ocrx_word' id='word_1_200' title='bbox 998 2341 1141 2392; x_wconf 75' lang='grc' dir='ltr'><em>αὗται</em></span> <span class='ocrx_word' id='word_1_201' title='bbox 1173 2364 1320 2398; x_wconf 85' lang='grc' dir='ltr'><em>οντως</em></span> <span class='ocrx_word' id='word_1_202' title='bbox 1347 2349 1405 2393; x_wconf 89' lang='lat' dir='ltr'><em>bc</em></span> <span class='ocrx_word' id='word_1_203' title='bbox 1430 2373 1485 2380; x_wconf 89' lang='lat'><em>-</em></span> <span class='ocrx_word' id='word_1_204' title='bbox 1514 2352 1582 2391; x_wconf 86' lang='lat'><em>12.</em></span> <span class='ocrx_word' id='word_1_205' title='bbox 1618 2345 1814 2419; x_wconf 81' lang='grc' dir='ltr'><em>ἔχουσαί</em></span> 
     </span>
     <span class='ocr_line' id='line_1_26' title="bbox 115 2402 1808 2464; baseline 0 -14"><span class='ocrx_word' id='word_1_206' title='bbox 115 2406 234 2451; x_wconf 80' lang='grc' dir='ltr'><em>εἰσιν</em></span> <span class='ocrx_word' id='word_1_207' title='bbox 273 2420 296 2451; x_wconf 86' lang='lat' dir='ltr'>c</span> <span class='ocrx_word' id='word_1_208' title='bbox 335 2432 391 2439; x_wconf 92' lang='lat'><em>—</em></span> <span class='ocrx_word' id='word_1_209' title='bbox 428 2422 493 2450; x_wconf 87' lang='grc' dir='ltr'><em>πυ</em></span> <span class='ocrx_word' id='word_1_210' title='bbox 497 2406 562 2464; x_wconf 81' lang='grc' dir='ltr'><em>ρὶ]</em></span> <span class='ocrx_word' id='word_1_211' title='bbox 602 2406 684 2451; x_wconf 78' lang='grc' dir='ltr'><em>καὶ</em></span> <span class='ocrx_word' id='word_1_212' title='bbox 721 2406 834 2463; x_wconf 83' lang='grc' dir='ltr'><em>πυρὶ</em></span> <span class='ocrx_word' id='word_1_213' title='bbox 866 2420 889 2451; x_wconf 84' lang='lat' dir='ltr'><em>c</em></span> <span class='ocrx_word' id='word_1_214' title='bbox 933 2432 988 2440; x_wconf 87' lang='lat'><em>-—-</em></span> <span class='ocrx_word' id='word_1_215' title='bbox 1033 2411 1098 2451; x_wconf 86' lang='lat'><em>13.</em></span> <span class='ocrx_word' id='word_1_216' title='bbox 1147 2402 1395 2462; x_wconf 83' lang='grc' dir='ltr'><em>ὅφιοπλοκ.</em></span> <span class='ocrx_word' id='word_1_217' title='bbox 1436 2406 1574 2464; x_wconf 74' lang='lat' dir='ltr'><strong><em>Lanq</em></strong></span> <span class='ocrx_word' id='word_1_218' title='bbox 1611 2403 1808 2462; x_wconf 84' lang='grc' dir='ltr'><em>ὀφεοπλ.</em></span> 
     </span>
     <span class='ocr_line' id='line_1_27' title="bbox 120 2461 1808 2537; baseline -0.001 -28"><span class='ocrx_word' id='word_1_219' title='bbox 120 2461 273 2510; x_wconf 86' lang='lat' dir='ltr'><em>XVa&#39;</em></span> <span class='ocrx_word' id='word_1_220' title='bbox 300 2461 788 2537; x_wconf 66' lang='grc' dir='ltr'><em>ὄφεωπλ.1)ὒ”οφεως</em></span> <span class='ocrx_word' id='word_1_221' title='bbox 811 2462 1082 2537; x_wconf 82' lang='grc' dir='ltr'><em>πλοκάμους</em></span> <span class='ocrx_word' id='word_1_222' title='bbox 1107 2463 1338 2537; x_wconf 77' lang='grc' dir='ltr'><em>ἔχουσαιο</em></span> <span class='ocrx_word' id='word_1_223' title='bbox 1362 2491 1417 2498; x_wconf 89' lang='grc'>-</span> <span class='ocrx_word' id='word_1_224' title='bbox 1446 2471 1515 2510; x_wconf 89' lang='lat'><em>14.</em></span> <span class='ocrx_word' id='word_1_225' title='bbox 1541 2467 1808 2537; x_wconf 82' lang='grc' dir='ltr'><em>φαντασίαν</em></span> 
     </span>
     <span class='ocr_line' id='line_1_28' title="bbox 115 2520 1858 2598; baseline 0.001 -30"><span class='ocrx_word' id='word_1_226' title='bbox 115 2529 213 2575; x_wconf 84' lang='grc' dir='ltr'><em>τοῖς</em></span> <span class='ocrx_word' id='word_1_227' title='bbox 243 2529 407 2575; x_wconf 79' lang='grc' dir='ltr'><em>κακοῖς</em></span> <span class='ocrx_word' id='word_1_228' title='bbox 438 2525 534 2569; x_wconf 88' lang='lat' dir='ltr'><em>bc</em></span> <span class='ocrx_word' id='word_1_229' title='bbox 530 2550 585 2557; x_wconf 97' lang='lat'><strong>—</strong></span> <span class='ocrx_word' id='word_1_230' title='bbox 620 2529 688 2570; x_wconf 89' lang='lat'><em>15.</em></span> <span class='ocrx_word' id='word_1_231' title='bbox 720 2541 778 2575; x_wconf 90' lang='grc' dir='ltr'><em>ας</em></span> <span class='ocrx_word' id='word_1_232' title='bbox 808 2541 868 2568; x_wconf 86' lang='grc' dir='ltr'><em>αν</em></span> <span class='ocrx_word' id='word_1_233' title='bbox 900 2539 930 2569; x_wconf 89' lang='grc' dir='ltr'><em>α</em></span> <span class='ocrx_word' id='word_1_234' title='bbox 961 2521 1023 2576; x_wconf 82' lang='grc' dir='ltr'><em>ὦς</em></span> <span class='ocrx_word' id='word_1_235' title='bbox 1052 2520 1127 2596; x_wconf 56' lang='lat' dir='ltr'><em>dv,</em></span> <span class='ocrx_word' id='word_1_236' title='bbox 1148 2523 1251 2598; x_wconf 80' lang='lat' dir='ltr'>(sic)</span> <span class='ocrx_word' id='word_1_237' title='bbox 1286 2541 1341 2568; x_wconf 88' lang='grc' dir='ltr'><em>ον</em></span> <span class='ocrx_word' id='word_1_238' title='bbox 1368 2524 1425 2569; x_wconf 89' lang='grc' dir='ltr'><em>Ν</em></span> <span class='ocrx_word' id='word_1_239' title='bbox 1459 2520 1521 2575; x_wconf 76' lang='grc' dir='ltr'><em>ὥς</em></span> <span class='ocrx_word' id='word_1_240' title='bbox 1551 2541 1614 2568; x_wconf 86' lang='grc' dir='ltr'><em>αν</em></span> <span class='ocrx_word' id='word_1_241' title='bbox 1646 2523 1721 2569; x_wconf 80' lang='lat' dir='ltr'><em>Ge</em></span> <span class='ocrx_word' id='word_1_242' title='bbox 1751 2548 1807 2556; x_wconf 92' lang='lat'>—</span> <span class='ocrx_word' id='word_1_243' title='bbox 1855 2528 1858 2529; x_wconf 45' lang='lat'><em>⁷</em></span> 
     </span>
     <span class='ocr_line' id='line_1_29' title="bbox 117 2578 1805 2640; baseline 0 -14"><span class='ocrx_word' id='word_1_244' title='bbox 117 2578 374 2627; x_wconf 81' lang='grc' dir='ltr'><em>ἀποτίνωσι</em></span> <span class='ocrx_word' id='word_1_245' title='bbox 413 2582 468 2640; x_wconf 90' lang='lat' dir='ltr'><strong><em>V</em></strong></span> <span class='ocrx_word' id='word_1_246' title='bbox 484 2583 542 2628; x_wconf 85' lang='lat' dir='ltr'><em>bc</em></span> <span class='ocrx_word' id='word_1_247' title='bbox 581 2579 835 2628; x_wconf 80' lang='grc' dir='ltr'><em>ἀποτίνωσι</em></span> <span class='ocrx_word' id='word_1_248' title='bbox 867 2597 979 2628; x_wconf 85' lang='lat' dir='ltr'><strong>corr.</strong></span> <span class='ocrx_word' id='word_1_249' title='bbox 1013 2597 1069 2628; x_wconf 83' lang='lat' dir='ltr'><em>ex</em></span> <span class='ocrx_word' id='word_1_250' title='bbox 1099 2579 1363 2628; x_wconf 84' lang='grc' dir='ltr'><em>ἀποτένωσι</em></span> <span class='ocrx_word' id='word_1_251' title='bbox 1399 2584 1450 2627; x_wconf 88' lang='grc' dir='ltr'><em>Χ</em></span> <span class='ocrx_word' id='word_1_252' title='bbox 1478 2579 1733 2628; x_wconf 82' lang='grc' dir='ltr'><em>ἀποτίσωσι</em></span> <span class='ocrx_word' id='word_1_253' title='bbox 1764 2580 1805 2626; x_wconf 87' lang='grc' dir='ltr'><em>α’</em></span> 
     </span>
     <span class='ocr_line' id='line_1_30' title="bbox 116 2637 1807 2700; baseline 0 -16"><span class='ocrx_word' id='word_1_254' title='bbox 116 2640 229 2699; x_wconf 72' lang='lat' dir='ltr'><em>LV2</em></span> <span class='ocrx_word' id='word_1_255' title='bbox 259 2667 314 2675; x_wconf 97' lang='lat'>—</span> <span class='ocrx_word' id='word_1_256' title='bbox 342 2646 410 2685; x_wconf 87' lang='lat'><strong>15.</strong></span> <span class='ocrx_word' id='word_1_257' title='bbox 439 2646 507 2686; x_wconf 89' lang='grc'><em>16.</em></span> <span class='ocrx_word' id='word_1_258' title='bbox 542 2637 593 2686; x_wconf 74' lang='grc' dir='ltr'><em>ἐν</em></span> <span class='ocrx_word' id='word_1_259' title='bbox 625 2637 719 2700; x_wconf 79' lang='grc' dir='ltr'><em>ἅδῃ</em></span> <span class='ocrx_word' id='word_1_260' title='bbox 749 2643 807 2687; x_wconf 84' lang='lat' dir='ltr'><em>bc</em></span> <span class='ocrx_word' id='word_1_261' title='bbox 830 2668 886 2675; x_wconf 94' lang='lat'>—</span> <span class='ocrx_word' id='word_1_262' title='bbox 912 2648 982 2687; x_wconf 89' lang='grc'><em>16.</em></span> <span class='ocrx_word' id='word_1_263' title='bbox 1014 2638 1203 2699; x_wconf 85' lang='grc' dir='ltr'><em>ἀσαφεῖ</em></span> <span class='ocrx_word' id='word_1_264' title='bbox 1225 2643 1440 2698; x_wconf 75' lang='lat' dir='ltr'><strong>(albemm</strong></span> <span class='ocrx_word' id='word_1_265' title='bbox 1467 2659 1497 2686; x_wconf 91' lang='grc' dir='ltr'><em>α</em></span> <span class='ocrx_word' id='word_1_266' title='bbox 1527 2641 1630 2686; x_wconf 88' lang='lat' dir='ltr'><strong>inl.</strong></span> <span class='ocrx_word' id='word_1_267' title='bbox 1656 2656 1717 2686; x_wconf 89' lang='lat' dir='ltr'><em>er.</em></span> <span class='ocrx_word' id='word_1_268' title='bbox 1745 2641 1807 2696; x_wconf 88' lang='lat' dir='ltr'><em>V)</em></span> 
     </span>
     <span class='ocr_line' id='line_1_31' title="bbox 119 2674 1809 2773; baseline 0 -30"><span class='ocrx_word' id='word_1_269' title='bbox 119 2714 151 2744; x_wconf 88' lang='lat' dir='ltr'><strong><em>a</em></strong></span> <span class='ocrx_word' id='word_1_270' title='bbox 150 2674 277 2745; x_wconf 83' lang='lat' dir='ltr'><strong><em>&#39;Vbc</em></strong></span> <span class='ocrx_word' id='word_1_271' title='bbox 300 2696 513 2773; x_wconf 83' lang='grc' dir='ltr'><em>ἀσφαλεῖ</em></span> <span class='ocrx_word' id='word_1_272' title='bbox 527 2687 642 2744; x_wconf 81' lang='lat' dir='ltr'><em>LX‘</em></span> <span class='ocrx_word' id='word_1_273' title='bbox 657 2726 712 2733; x_wconf 94' lang='lat'>—</span> <span class='ocrx_word' id='word_1_274' title='bbox 741 2706 809 2747; x_wconf 91' lang='grc'><em>17.</em></span> <span class='ocrx_word' id='word_1_275' title='bbox 842 2700 1001 2753; x_wconf 81' lang='grc' dir='ltr'><em>αἰκίας</em></span> <span class='ocrx_word' id='word_1_276' title='bbox 1029 2704 1162 2758; x_wconf 85' lang='lat' dir='ltr'><strong>(corr.</strong></span> <span class='ocrx_word' id='word_1_277' title='bbox 1188 2716 1244 2746; x_wconf 84' lang='lat' dir='ltr'><em>ex</em></span> <span class='ocrx_word' id='word_1_278' title='bbox 1269 2699 1421 2752; x_wconf 83' lang='grc' dir='ltr'><em>αἰτίας</em></span> <span class='ocrx_word' id='word_1_279' title='bbox 1450 2700 1513 2757; x_wconf 89' lang='lat' dir='ltr'><em>V)</em></span> <span class='ocrx_word' id='word_1_280' title='bbox 1531 2715 1561 2745; x_wconf 88' lang='lat' dir='ltr'><strong><em>a</em></strong></span> <span class='ocrx_word' id='word_1_281' title='bbox 1562 2698 1630 2743; x_wconf 91' lang='lat' dir='ltr'><em>&#39;V</em></span> <span class='ocrx_word' id='word_1_282' title='bbox 1656 2699 1809 2749; x_wconf 87' lang='grc' dir='ltr'><em>αἰτίας</em></span> 
     </span>
     <span class='ocr_line' id='line_1_32' title="bbox 118 2756 1471 2818; baseline 0 -15"><span class='ocrx_word' id='word_1_283' title='bbox 118 2757 230 2804; x_wconf 84' lang='lat' dir='ltr'><em>Lbc</em></span> <span class='ocrx_word' id='word_1_284' title='bbox 260 2784 318 2791; x_wconf 94' lang='lat'>—</span> <span class='ocrx_word' id='word_1_285' title='bbox 348 2756 644 2815; x_wconf 80' lang='grc' dir='ltr'><em>ὑφίστασθαι</em></span> <span class='ocrx_word' id='word_1_286' title='bbox 675 2774 699 2804; x_wconf 87' lang='lat' dir='ltr'>c</span> <span class='ocrx_word' id='word_1_287' title='bbox 730 2786 784 2792; x_wconf 92' lang='lat'><strong>—</strong></span> <span class='ocrx_word' id='word_1_288' title='bbox 821 2765 888 2805; x_wconf 91' lang='grc'><em>17.</em></span> <span class='ocrx_word' id='word_1_289' title='bbox 925 2764 993 2805; x_wconf 92' lang='grc'><em>18.</em></span> <span class='ocrx_word' id='word_1_290' title='bbox 1025 2761 1164 2818; x_wconf 88' lang='grc' dir='ltr'><em>τίσιν]</em></span> <span class='ocrx_word' id='word_1_291' title='bbox 1199 2761 1416 2816; x_wconf 84' lang='grc' dir='ltr'><em>φοίτησιν</em></span> <span class='ocrx_word' id='word_1_292' title='bbox 1448 2773 1471 2804; x_wconf 85' lang='lat' dir='ltr'><strong><em>c</em></strong></span> 
     </span>
    </p>

    <p class='ocr_par' dir='ltr' id='par_1_9' title="bbox 236 2817 1167 2864">
     <span class='ocr_line' id='line_1_33' title="bbox 236 2817 1167 2864; baseline 0.004 -4"><span class='ocrx_word' id='word_1_293' title='bbox 236 2817 314 2863; x_wconf 86' lang='lat' dir='ltr'><em>XI.</em></span> <span class='ocrx_word' id='word_1_294' title='bbox 348 2823 418 2862; x_wconf 81' lang='grc'><em>21.</em></span> <span class='ocrx_word' id='word_1_295' title='bbox 454 2819 726 2863; x_wconf 63' lang='lat' dir='ltr'><em>&amp;olzavam</em></span> <span class='ocrx_word' id='word_1_296' title='bbox 762 2819 808 2863; x_wconf 90' lang='grc' dir='ltr'><em>Ρ</em></span> <span class='ocrx_word' id='word_1_297' title='bbox 837 2820 1112 2864; x_wconf 81' lang='grc' dir='ltr'><em>διοικοῦσαν</em></span> <span class='ocrx_word' id='word_1_298' title='bbox 1145 2833 1167 2864; x_wconf 84' lang='lat' dir='ltr'>c</span> 
     </span>
    </p>
   </div>
  </div>
 </body>
</html>
