<?xml version="1.0" encoding="UTF-8"?>
<!DOCTYPE html PUBLIC "-//W3C//DTD XHTML 1.0 Transitional//EN"
    "http://www.w3.org/TR/xhtml1/DTD/xhtml1-transitional.dtd">
<html xmlns="http://www.w3.org/1999/xhtml" xml:lang="en" lang="en">
 <head>
  <title>
</title>
<meta http-equiv="Content-Type" content="text/html;charset=utf-8" />
  <meta name='ocr-system' content='tesseract 3.04.00' />
  <meta name='ocr-capabilities' content='ocr_page ocr_carea ocr_par ocr_line ocrx_word'/>
</head>
<body>
  <div class='ocr_page' id='page_1' title='image "./cornutitheologia00cornuoft_0052.png"; bbox 0 0 1998 3088; ppageno 0'>
   <div class='ocr_carea' id='block_1_1' title="bbox 117 614 137 646">
    <p class='ocr_par' dir='ltr' id='par_1_1' title="bbox 117 614 137 646">
     <span class='ocr_line' id='line_1_1' title="bbox 117 614 137 646; baseline 0 0"><span class='ocrx_word' id='word_1_1' title='bbox 117 614 137 646; x_wconf 87' lang='lat'>5</span> 
     </span>
    </p>
   </div>
   <div class='ocr_carea' id='block_1_2' title="bbox 161 124 1188 176">
    <p class='ocr_par' dir='ltr' id='par_1_2' title="bbox 161 124 1188 176">
     <span class='ocr_line' id='line_1_2' title="bbox 161 124 1188 176; baseline -0.009 0"><span class='ocrx_word' id='word_1_2' title='bbox 161 124 230 176; x_wconf 81' lang='lat'><em>28</em></span> <span class='ocrx_word' id='word_1_3' title='bbox 815 125 1188 169; x_wconf 76' lang='lat' dir='ltr'>KOPNOTTOT</span> 
     </span>
    </p>
   </div>
   <div class='ocr_carea' id='block_1_3' title="bbox 161 238 1850 667">
    <p class='ocr_par' dir='ltr' id='par_1_3' title="bbox 161 238 1850 667">
     <span class='ocr_line' id='line_1_3' title="bbox 161 238 1840 314; baseline 0 -17"><span class='ocrx_word' id='word_1_4' title='bbox 161 240 268 297; x_wconf 82' lang='grc' dir='ltr'><em>ὑπὸ</em></span> <span class='ocrx_word' id='word_1_5' title='bbox 307 245 420 298; x_wconf 74' lang='grc' dir='ltr'><em>τῶν</em></span> <span class='ocrx_word' id='word_1_6' title='bbox 458 241 532 313; x_wconf 88' lang='grc' dir='ltr'><em>μὴ</em></span> <span class='ocrx_word' id='word_1_7' title='bbox 567 244 871 298; x_wconf 80' lang='grc' dir='ltr'><em>συνιέντων</em></span> <span class='ocrx_word' id='word_1_8' title='bbox 912 240 946 296; x_wconf 79' lang='grc' dir='ltr'><em>ἃ</em></span> <span class='ocrx_word' id='word_1_9' title='bbox 988 246 1352 313; x_wconf 81' lang='grc' dir='ltr'><em>αἰνίττονται,</em></span> <span class='ocrx_word' id='word_1_10' title='bbox 1399 243 1752 314; x_wconf 79' lang='grc' dir='ltr'><em>κεχρημένων</em></span> <span class='ocrx_word' id='word_1_11' title='bbox 1792 238 1840 297; x_wconf 86' lang='grc' dir='ltr'><em>δ’</em></span> 
     </span>
     <span class='ocr_line' id='line_1_4' title="bbox 162 326 1849 401; baseline 0.001 -17"><span class='ocrx_word' id='word_1_12' title='bbox 162 326 349 395; x_wconf 79' lang='grc' dir='ltr'><em>αὐτοῖς</em></span> <span class='ocrx_word' id='word_1_13' title='bbox 381 328 454 395; x_wconf 79' lang='grc' dir='ltr'><em>ὡς</em></span> <span class='ocrx_word' id='word_1_14' title='bbox 485 331 575 385; x_wconf 89' lang='grc' dir='ltr'><em>καὶ</em></span> <span class='ocrx_word' id='word_1_15' title='bbox 600 342 715 395; x_wconf 83' lang='grc' dir='ltr'><em>τοῖς</em></span> <span class='ocrx_word' id='word_1_16' title='bbox 745 331 1080 401; x_wconf 74' lang='grc' dir='ltr'><em>πλάσμασιν,</em></span> <span class='ocrx_word' id='word_1_17' title='bbox 1112 327 1327 400; x_wconf 76' lang='grc' dir='ltr'><em>ἀλόγως</em></span> <span class='ocrx_word' id='word_1_18' title='bbox 1351 334 1629 386; x_wconf 88' lang='grc' dir='ltr'><em>τίθεσθαι.</em></span> <span class='ocrx_word' id='word_1_19' title='bbox 1679 329 1849 386; x_wconf 90' lang='grc' dir='ltr'><em>πάλιν</em></span> 
     </span>
     <span class='ocr_line' id='line_1_5' title="bbox 161 414 1849 491; baseline 0 -18"><span class='ocrx_word' id='word_1_20' title='bbox 161 423 356 474; x_wconf 87' lang='grc' dir='ltr'><em>τοίνυν</em></span> <span class='ocrx_word' id='word_1_21' title='bbox 391 421 612 491; x_wconf 75' lang='grc' dir='ltr'><em>πρῶτον</em></span> <span class='ocrx_word' id='word_1_22' title='bbox 646 414 745 489; x_wconf 76' lang='grc' dir='ltr'><em>μὲν</em></span> <span class='ocrx_word' id='word_1_23' title='bbox 772 417 1092 489; x_wconf 81' lang='grc' dir='ltr'><em>ἐμύθευσαν</em></span> <span class='ocrx_word' id='word_1_24' title='bbox 1125 417 1186 474; x_wconf 90' lang='grc' dir='ltr'><em>τὸ</em></span> <span class='ocrx_word' id='word_1_25' title='bbox 1213 417 1360 484; x_wconf 87' lang='grc' dir='ltr'><em>Χάος</em></span> <span class='ocrx_word' id='word_1_26' title='bbox 1392 419 1674 488; x_wconf 75' lang='grc' dir='ltr'><em>γενέσθαι,</em></span> <span class='ocrx_word' id='word_1_27' title='bbox 1709 426 1849 474; x_wconf 86' lang='grc' dir='ltr'><em>καθ-</em></span> 
     </span>
     <span class='ocr_line' id='line_1_6' title="bbox 161 504 1850 579; baseline 0.001 -18"><span class='ocrx_word' id='word_1_28' title='bbox 161 506 296 578; x_wconf 83' lang='grc' dir='ltr'><em>άπερ</em></span> <span class='ocrx_word' id='word_1_29' title='bbox 347 505 375 563; x_wconf 87' lang='grc' dir='ltr'>ὁ</span> <span class='ocrx_word' id='word_1_30' title='bbox 415 505 675 572; x_wconf 80' lang='grc' dir='ltr'><em>Ησίοδος</em></span> <span class='ocrx_word' id='word_1_31' title='bbox 714 509 946 579; x_wconf 75' lang='grc' dir='ltr'><em>ἱστορεῖ,</em></span> <span class='ocrx_word' id='word_1_32' title='bbox 995 505 1128 577; x_wconf 85' lang='grc' dir='ltr'><em>μετὰ</em></span> <span class='ocrx_word' id='word_1_33' title='bbox 1170 505 1230 561; x_wconf 93' lang='grc' dir='ltr'><em>δε</em></span> <span class='ocrx_word' id='word_1_34' title='bbox 1278 504 1413 562; x_wconf 80' lang='grc' dir='ltr'><em>αὐτὸ</em></span> <span class='ocrx_word' id='word_1_35' title='bbox 1455 504 1560 576; x_wconf 85' lang='grc' dir='ltr'><em>τὴν</em></span> <span class='ocrx_word' id='word_1_36' title='bbox 1599 510 1718 578; x_wconf 92' lang='grc' dir='ltr'><em>Γῆν</em></span> <span class='ocrx_word' id='word_1_37' title='bbox 1757 507 1850 562; x_wconf 89' lang='grc' dir='ltr'><em>καὶ</em></span> 
     </span>
     <span class='ocr_line' id='line_1_7' title="bbox 161 592 1848 667; baseline 0.001 -18"><span class='ocrx_word' id='word_1_38' title='bbox 161 593 259 650; x_wconf 90' lang='grc' dir='ltr'><em>τὸν</em></span> <span class='ocrx_word' id='word_1_39' title='bbox 305 594 592 667; x_wconf 90' lang='grc' dir='ltr'><em>Τάρταρον</em></span> <span class='ocrx_word' id='word_1_40' title='bbox 638 595 729 650; x_wconf 87' lang='grc' dir='ltr'><em>καὶ</em></span> <span class='ocrx_word' id='word_1_41' title='bbox 768 593 868 650; x_wconf 91' lang='grc' dir='ltr'><em>τὸν</em></span> <span class='ocrx_word' id='word_1_42' title='bbox 900 592 1144 666; x_wconf 73' lang='grc' dir='ltr'><em>’Ἑρωτα,</em></span> <span class='ocrx_word' id='word_1_43' title='bbox 1197 595 1254 649; x_wconf 82' lang='grc' dir='ltr'><em>ἐκ</em></span> <span class='ocrx_word' id='word_1_44' title='bbox 1303 594 1364 650; x_wconf 74' lang='grc' dir='ltr'><em>δὲ</em></span> <span class='ocrx_word' id='word_1_45' title='bbox 1410 597 1511 650; x_wconf 85' lang='grc' dir='ltr'><em>τοῦ</em></span> <span class='ocrx_word' id='word_1_46' title='bbox 1550 593 1738 659; x_wconf 86' lang='grc' dir='ltr'><em>Χάους</em></span> <span class='ocrx_word' id='word_1_47' title='bbox 1786 593 1848 651; x_wconf 85' lang='grc' dir='ltr'><em>τὸ</em></span> 
     </span>
    </p>
   </div>
   <div class='ocr_carea' id='block_1_4' title="bbox 144 681 1850 754">
    <p class='ocr_par' dir='ltr' id='par_1_4' title="bbox 144 681 1850 754">
     <span class='ocr_line' id='line_1_8' title="bbox 144 681 1850 754; baseline 0.001 -18"><span class='ocrx_word' id='word_1_48' title='bbox 144 681 376 754; x_wconf 76' lang='grc' dir='ltr'><em>’Ἑρεβος</em></span> <span class='ocrx_word' id='word_1_49' title='bbox 413 683 503 737; x_wconf 86' lang='grc' dir='ltr'><em>καὶ</em></span> <span class='ocrx_word' id='word_1_50' title='bbox 543 681 645 752; x_wconf 81' lang='grc' dir='ltr'><em>τὴν</em></span> <span class='ocrx_word' id='word_1_51' title='bbox 680 682 875 738; x_wconf 86' lang='grc' dir='ltr'><em>Νύκτα</em></span> <span class='ocrx_word' id='word_1_52' title='bbox 915 685 1116 753; x_wconf 85' lang='grc' dir='ltr'><em>φῦναι,</em></span> <span class='ocrx_word' id='word_1_53' title='bbox 1158 685 1216 738; x_wconf 85' lang='grc' dir='ltr'><em>ἐκ</em></span> <span class='ocrx_word' id='word_1_54' title='bbox 1256 682 1318 738; x_wconf 78' lang='grc' dir='ltr'><em>δὲ</em></span> <span class='ocrx_word' id='word_1_55' title='bbox 1356 686 1451 754; x_wconf 86' lang='grc' dir='ltr'><em>τῆς</em></span> <span class='ocrx_word' id='word_1_56' title='bbox 1489 681 1711 748; x_wconf 84' lang='grc' dir='ltr'><em>Νυκτὸς</em></span> <span class='ocrx_word' id='word_1_57' title='bbox 1748 681 1850 738; x_wconf 88' lang='grc' dir='ltr'><em>τὸν</em></span> 
     </span>
    </p>
   </div>
   <div class='ocr_carea' id='block_1_5' title="bbox 160 768 1854 1019">
    <p class='ocr_par' dir='ltr' id='par_1_5' title="bbox 160 768 1854 1019">
     <span class='ocr_line' id='line_1_9' title="bbox 162 768 1850 842; baseline 0.002 -18"><span class='ocrx_word' id='word_1_58' title='bbox 162 772 381 840; x_wconf 81' lang='grc' dir='ltr'><em>Αἰθέρα</em></span> <span class='ocrx_word' id='word_1_59' title='bbox 426 770 518 824; x_wconf 87' lang='grc' dir='ltr'><em>καὶ</em></span> <span class='ocrx_word' id='word_1_60' title='bbox 564 769 667 841; x_wconf 85' lang='grc' dir='ltr'><em>τὴν</em></span> <span class='ocrx_word' id='word_1_61' title='bbox 698 768 956 842; x_wconf 86' lang='grc' dir='ltr'><em>Ἡμέραν.</em></span> <span class='ocrx_word' id='word_1_62' title='bbox 1034 774 1148 826; x_wconf 82' lang='grc' dir='ltr'><em>ἔστι</em></span> <span class='ocrx_word' id='word_1_63' title='bbox 1196 770 1258 826; x_wconf 71' lang='grc' dir='ltr'><em>δὲ·</em></span> <span class='ocrx_word' id='word_1_64' title='bbox 1297 770 1447 837; x_wconf 92' lang='grc' dir='ltr'><em>Χάος</em></span> <span class='ocrx_word' id='word_1_65' title='bbox 1494 770 1595 842; x_wconf 77' lang='grc' dir='ltr'><em>μὲν</em></span> <span class='ocrx_word' id='word_1_66' title='bbox 1641 770 1703 827; x_wconf 85' lang='grc' dir='ltr'><em>τὸ</em></span> <span class='ocrx_word' id='word_1_67' title='bbox 1742 770 1850 842; x_wconf 86' lang='grc' dir='ltr'><em>πρὸ</em></span> 
     </span>
     <span class='ocr_line' id='line_1_10' title="bbox 160 856 1853 931; baseline 0.001 -18"><span class='ocrx_word' id='word_1_68' title='bbox 160 862 256 930; x_wconf 87' lang='grc' dir='ltr'><em>τῆς</em></span> <span class='ocrx_word' id='word_1_69' title='bbox 297 857 708 929; x_wconf 81' lang='grc' dir='ltr'><em>διακοσμήσεως</em></span> <span class='ocrx_word' id='word_1_70' title='bbox 750 858 1055 930; x_wconf 73' lang='grc' dir='ltr'><em>γενόμενον</em></span> <span class='ocrx_word' id='word_1_71' title='bbox 1095 856 1298 931; x_wconf 81' lang='grc' dir='ltr'><em>ὑγρὸν,</em></span> <span class='ocrx_word' id='word_1_72' title='bbox 1345 857 1452 915; x_wconf 77' lang='grc' dir='ltr'><em>ἀπὸ</em></span> <span class='ocrx_word' id='word_1_73' title='bbox 1500 862 1597 930; x_wconf 88' lang='grc' dir='ltr'><em>τῆς</em></span> <span class='ocrx_word' id='word_1_74' title='bbox 1642 858 1853 930; x_wconf 88' lang='grc' dir='ltr'><em>χύσεως</em></span> 
     </span>
     <span class='ocr_line' id='line_1_11' title="bbox 164 940 1854 1019; baseline -0.001 -16"><span class='ocrx_word' id='word_1_75' title='bbox 164 945 338 1013; x_wconf 80' lang='grc' dir='ltr'><em>οὕτως</em></span> <span class='ocrx_word' id='word_1_76' title='bbox 385 940 812 1018; x_wconf 77' lang='grc' dir='ltr'><em>ὠνομασμένον,</em></span> <span class='ocrx_word' id='word_1_77' title='bbox 863 943 896 1018; x_wconf 79' lang='grc' dir='ltr'>ἢ</span> <span class='ocrx_word' id='word_1_78' title='bbox 937 945 998 1002; x_wconf 87' lang='grc' dir='ltr'><em>τὸ</em></span> <span class='ocrx_word' id='word_1_79' title='bbox 1043 949 1180 1019; x_wconf 81' lang='grc' dir='ltr'><em>πῦρ,</em></span> <span class='ocrx_word' id='word_1_80' title='bbox 1232 945 1263 1003; x_wconf 80' lang='grc' dir='ltr'>ὅ</span> <span class='ocrx_word' id='word_1_81' title='bbox 1311 948 1460 1003; x_wconf 85' lang='grc' dir='ltr'><em>ἐστιν</em></span> <span class='ocrx_word' id='word_1_82' title='bbox 1505 948 1677 1004; x_wconf 80' lang='grc' dir='ltr'><em>οἱονεὶ</em></span> <span class='ocrx_word' id='word_1_83' title='bbox 1720 946 1854 1012; x_wconf 90' lang='grc' dir='ltr'><em>κάος</em></span> 
     </span>
    </p>
   </div>
   <div class='ocr_carea' id='block_1_6' title="bbox 98 1028 1859 1109">
    <p class='ocr_par' dir='ltr' id='par_1_6' title="bbox 98 1028 1859 1109">
     <span class='ocr_line' id='line_1_12' title="bbox 98 1028 1859 1109; baseline 0.003 -25"><span class='ocrx_word' id='word_1_84' title='bbox 98 1053 141 1085; x_wconf 91' lang='lat'><em>10</em></span> <span class='ocrx_word' id='word_1_85' title='bbox 167 1035 198 1109; x_wconf 84' lang='lat'><em>[·</em></span> <span class='ocrx_word' id='word_1_86' title='bbox 239 1035 330 1090; x_wconf 87' lang='grc' dir='ltr'><em>καὶ</em></span> <span class='ocrx_word' id='word_1_87' title='bbox 371 1033 503 1090; x_wconf 83' lang='grc' dir='ltr'><em>αὐτὸ</em></span> <span class='ocrx_word' id='word_1_88' title='bbox 547 1034 607 1089; x_wconf 78' lang='grc' dir='ltr'><em>δὲ</em></span> <span class='ocrx_word' id='word_1_89' title='bbox 645 1036 866 1106; x_wconf 87' lang='grc' dir='ltr'><em>κέχυται</em></span> <span class='ocrx_word' id='word_1_90' title='bbox 908 1032 1000 1090; x_wconf 80' lang='grc' dir='ltr'><em>διὰ</em></span> <span class='ocrx_word' id='word_1_91' title='bbox 1032 1032 1136 1105; x_wconf 83' lang='grc' dir='ltr'><em>τὴν</em></span> <span class='ocrx_word' id='word_1_92' title='bbox 1175 1036 1604 1107; x_wconf 88' lang='grc' dir='ltr'><em>λεπτομέρειαν].</em></span> <span class='ocrx_word' id='word_1_93' title='bbox 1680 1028 1751 1107; x_wconf 78' lang='grc' dir='ltr'><em>ἦν</em></span> <span class='ocrx_word' id='word_1_94' title='bbox 1793 1035 1859 1090; x_wconf 89' lang='grc' dir='ltr'><em>δέ</em></span> 
     </span>
    </p>
   </div>
   <div class='ocr_carea' id='block_1_7' title="bbox 98 1493 139 1526">
    <p class='ocr_par' dir='ltr' id='par_1_7' title="bbox 98 1493 139 1526">
     <span class='ocr_line' id='line_1_13' title="bbox 98 1493 139 1526; baseline 0.049 -2"><span class='ocrx_word' id='word_1_95' title='bbox 98 1493 139 1526; x_wconf 87' lang='grc'><em>15</em></span> 
     </span>
    </p>
   </div>
   <div class='ocr_carea' id='block_1_8' title="bbox 161 1116 1856 1900">
    <p class='ocr_par' dir='ltr' id='par_1_8' title="bbox 161 1116 1856 1900">
     <span class='ocr_line' id='line_1_14' title="bbox 161 1116 1853 1195; baseline 0.001 -18"><span class='ocrx_word' id='word_1_96' title='bbox 161 1144 315 1192; x_wconf 83' lang='grc' dir='ltr'><em>ποτε,</em></span> <span class='ocrx_word' id='word_1_97' title='bbox 374 1116 417 1177; x_wconf 74' lang='grc' dir='ltr'><em>ὦ</em></span> <span class='ocrx_word' id='word_1_98' title='bbox 462 1134 587 1192; x_wconf 80' lang='grc' dir='ltr'><em>παῖ,</em></span> <span class='ocrx_word' id='word_1_99' title='bbox 647 1126 758 1195; x_wconf 85' lang='grc' dir='ltr'><em>πῦρ</em></span> <span class='ocrx_word' id='word_1_100' title='bbox 809 1122 870 1179; x_wconf 90' lang='grc' dir='ltr'><em>τὸ</em></span> <span class='ocrx_word' id='word_1_101' title='bbox 922 1126 1034 1178; x_wconf 79' lang='grc' dir='ltr'><em>πᾶν</em></span> <span class='ocrx_word' id='word_1_102' title='bbox 1092 1124 1182 1178; x_wconf 87' lang='grc' dir='ltr'><em>καὶ</em></span> <span class='ocrx_word' id='word_1_103' title='bbox 1232 1122 1519 1194; x_wconf 79' lang='grc' dir='ltr'><em>γενήσεται</em></span> <span class='ocrx_word' id='word_1_104' title='bbox 1570 1123 1740 1179; x_wconf 90' lang='grc' dir='ltr'><em>πάλιν</em></span> <span class='ocrx_word' id='word_1_105' title='bbox 1791 1125 1853 1180; x_wconf 84' lang='grc' dir='ltr'><em>ἐν</em></span> 
     </span>
     <span class='ocr_line' id='line_1_15' title="bbox 162 1208 1853 1290; baseline 0 -23"><span class='ocrx_word' id='word_1_106' title='bbox 162 1211 418 1290; x_wconf 76' lang='grc' dir='ltr'><em>περιόδῳ.</em></span> <span class='ocrx_word' id='word_1_107' title='bbox 511 1213 846 1281; x_wconf 80' lang='grc' dir='ltr'><em>σβεσθέντος</em></span> <span class='ocrx_word' id='word_1_108' title='bbox 902 1211 963 1267; x_wconf 76' lang='grc' dir='ltr'><em>δὲ</em></span> <span class='ocrx_word' id='word_1_109' title='bbox 1019 1214 1095 1278; x_wconf 83' lang='grc' dir='ltr'><em>εἰς</em></span> <span class='ocrx_word' id='word_1_110' title='bbox 1151 1208 1287 1283; x_wconf 76' lang='grc' dir='ltr'><em>ἀέρα</em></span> <span class='ocrx_word' id='word_1_111' title='bbox 1342 1209 1516 1267; x_wconf 82' lang='grc' dir='ltr'><em>αὐτοῦ</em></span> <span class='ocrx_word' id='word_1_112' title='bbox 1577 1211 1853 1283; x_wconf 84' lang='grc' dir='ltr'><em>μεταβολὴ</em></span> 
     </span>
     <span class='ocr_line' id='line_1_16' title="bbox 162 1296 1853 1372; baseline 0.001 -17"><span class='ocrx_word' id='word_1_113' title='bbox 162 1298 348 1372; x_wconf 77' lang='grc' dir='ltr'><em>ἀθρόα</em></span> <span class='ocrx_word' id='word_1_114' title='bbox 387 1305 598 1371; x_wconf 77' lang='grc' dir='ltr'><em>γίνεται</em></span> <span class='ocrx_word' id='word_1_115' title='bbox 638 1303 715 1365; x_wconf 84' lang='grc' dir='ltr'><em>εἰς</em></span> <span class='ocrx_word' id='word_1_116' title='bbox 754 1298 934 1370; x_wconf 77' lang='grc' dir='ltr'><em>ὕδωρ,</em></span> <span class='ocrx_word' id='word_1_117' title='bbox 976 1296 1006 1355; x_wconf 81' lang='grc' dir='ltr'>ὃ</span> <span class='ocrx_word' id='word_1_118' title='bbox 1048 1298 1116 1371; x_wconf 87' lang='grc' dir='ltr'><em>δὴ</em></span> <span class='ocrx_word' id='word_1_119' title='bbox 1156 1301 1425 1370; x_wconf 86' lang='grc' dir='ltr'><em>λαμβάνει</em></span> <span class='ocrx_word' id='word_1_120' title='bbox 1464 1303 1566 1355; x_wconf 87' lang='grc' dir='ltr'><em>τοῦ</em></span> <span class='ocrx_word' id='word_1_121' title='bbox 1605 1300 1706 1371; x_wconf 77' lang='grc' dir='ltr'><em>μὲν</em></span> <span class='ocrx_word' id='word_1_122' title='bbox 1747 1299 1853 1372; x_wconf 71' lang='grc' dir='ltr'><em>ὑφ·</em></span> 
     </span>
     <span class='ocr_line' id='line_1_17' title="bbox 164 1385 1854 1460; baseline 0 -16"><span class='ocrx_word' id='word_1_123' title='bbox 164 1390 463 1460; x_wconf 90' lang='grc' dir='ltr'><em>ισταμένου</em></span> <span class='ocrx_word' id='word_1_124' title='bbox 502 1389 704 1460; x_wconf 84' lang='grc' dir='ltr'><em>μέρους</em></span> <span class='ocrx_word' id='word_1_125' title='bbox 739 1392 835 1459; x_wconf 90' lang='grc' dir='ltr'><em>τῆς</em></span> <span class='ocrx_word' id='word_1_126' title='bbox 876 1385 1067 1453; x_wconf 83' lang='grc' dir='ltr'><em>οὐσίας</em></span> <span class='ocrx_word' id='word_1_127' title='bbox 1105 1387 1242 1443; x_wconf 85' lang='grc' dir='ltr'><em>κατὰ</em></span> <span class='ocrx_word' id='word_1_128' title='bbox 1289 1389 1602 1458; x_wconf 82' lang='grc' dir='ltr'><em>πύκνωσιν,</em></span> <span class='ocrx_word' id='word_1_129' title='bbox 1649 1392 1750 1443; x_wconf 82' lang='grc' dir='ltr'><em>τοῦ</em></span> <span class='ocrx_word' id='word_1_130' title='bbox 1792 1388 1854 1444; x_wconf 75' lang='grc' dir='ltr'><em>δὲ</em></span> 
     </span>
     <span class='ocr_line' id='line_1_18' title="bbox 163 1468 1855 1548; baseline -0.001 -16"><span class='ocrx_word' id='word_1_131' title='bbox 163 1477 575 1548; x_wconf 86' lang='grc' dir='ltr'><em>λεπτυνομένου</em></span> <span class='ocrx_word' id='word_1_132' title='bbox 605 1473 722 1530; x_wconf 83' lang='grc' dir='ltr'><em>κατ’</em></span> <span class='ocrx_word' id='word_1_133' title='bbox 761 1473 1046 1547; x_wconf 81' lang='grc' dir='ltr'><em>ἀραίωσιν.</em></span> <span class='ocrx_word' id='word_1_134' title='bbox 1095 1474 1318 1544; x_wconf 86' lang='grc' dir='ltr'><em>εἰκότως</em></span> <span class='ocrx_word' id='word_1_135' title='bbox 1350 1468 1455 1531; x_wconf 84' lang='grc' dir='ltr'><em>οὖν</em></span> <span class='ocrx_word' id='word_1_136' title='bbox 1481 1480 1696 1547; x_wconf 83' lang='grc' dir='ltr'><em>ἔφασαν</em></span> <span class='ocrx_word' id='word_1_137' title='bbox 1721 1474 1855 1548; x_wconf 81' lang='grc' dir='ltr'><em>μετὰ</em></span> 
     </span>
     <span class='ocr_line' id='line_1_19' title="bbox 162 1561 1856 1635; baseline -0.001 -14"><span class='ocrx_word' id='word_1_138' title='bbox 162 1566 223 1621; x_wconf 93' lang='grc' dir='ltr'><em>τὸ</em></span> <span class='ocrx_word' id='word_1_139' title='bbox 266 1565 414 1630; x_wconf 90' lang='grc' dir='ltr'><em>Χάος</em></span> <span class='ocrx_word' id='word_1_140' title='bbox 452 1563 554 1635; x_wconf 86' lang='grc' dir='ltr'><em>τήν</em></span> <span class='ocrx_word' id='word_1_141' title='bbox 593 1586 650 1619; x_wconf 91' lang='grc' dir='ltr'><em>τε</em></span> <span class='ocrx_word' id='word_1_142' title='bbox 690 1566 809 1635; x_wconf 85' lang='grc' dir='ltr'><em>Γῆν</em></span> <span class='ocrx_word' id='word_1_143' title='bbox 847 1564 1111 1634; x_wconf 78' lang='grc' dir='ltr'><em>γενέσθαι</em></span> <span class='ocrx_word' id='word_1_144' title='bbox 1157 1564 1247 1618; x_wconf 89' lang='grc' dir='ltr'><em>καὶ</em></span> <span class='ocrx_word' id='word_1_145' title='bbox 1295 1562 1361 1618; x_wconf 80' lang='grc' dir='ltr'><em>τὰ</em></span> <span class='ocrx_word' id='word_1_146' title='bbox 1404 1561 1669 1635; x_wconf 88' lang='grc' dir='ltr'><em>ἠερόεντα</em></span> <span class='ocrx_word' id='word_1_147' title='bbox 1714 1563 1856 1635; x_wconf 84' lang='grc' dir='ltr'><em>Τάρ-</em></span> 
     </span>
     <span class='ocr_line' id='line_1_20' title="bbox 163 1650 1855 1726; baseline 0.001 -18"><span class='ocrx_word' id='word_1_148' title='bbox 163 1675 301 1726; x_wconf 92' lang='grc' dir='ltr'><em>ταρα</em></span> <span class='ocrx_word' id='word_1_149' title='bbox 330 1658 368 1722; x_wconf 84' lang='grc'><em>[,</em></span> <span class='ocrx_word' id='word_1_150' title='bbox 399 1650 432 1708; x_wconf 77' lang='grc' dir='ltr'><em>ἃ</em></span> <span class='ocrx_word' id='word_1_151' title='bbox 462 1652 529 1724; x_wconf 87' lang='grc' dir='ltr'><em>δὴ</em></span> <span class='ocrx_word' id='word_1_152' title='bbox 556 1650 735 1724; x_wconf 87' lang='grc' dir='ltr'><em>μυχὸν</em></span> <span class='ocrx_word' id='word_1_153' title='bbox 766 1654 878 1722; x_wconf 89' lang='grc' dir='ltr'><em>Γῆς</em></span> <span class='ocrx_word' id='word_1_154' title='bbox 903 1650 1195 1723; x_wconf 77' lang='grc' dir='ltr'><em>ὠνόμασεν</em></span> <span class='ocrx_word' id='word_1_155' title='bbox 1221 1650 1250 1707; x_wconf 85' lang='grc' dir='ltr'>ὁ</span> <span class='ocrx_word' id='word_1_156' title='bbox 1276 1653 1676 1724; x_wconf 87' lang='grc' dir='ltr'><em>προειρημένος</em></span> <span class='ocrx_word' id='word_1_157' title='bbox 1697 1673 1855 1725; x_wconf 90' lang='grc' dir='ltr'><em>ποιη-</em></span> 
     </span>
     <span class='ocr_line' id='line_1_21' title="bbox 163 1737 1856 1816; baseline -0.001 -19"><span class='ocrx_word' id='word_1_158' title='bbox 163 1740 259 1813; x_wconf 78' lang='grc' dir='ltr'><em>τὴς</em></span> <span class='ocrx_word' id='word_1_159' title='bbox 297 1744 371 1816; x_wconf 75' lang='grc' dir='ltr'><em>τῷ</em></span> <span class='ocrx_word' id='word_1_160' title='bbox 403 1741 814 1810; x_wconf 83' lang='grc' dir='ltr'><em>περιειληφέναι</em></span> <span class='ocrx_word' id='word_1_161' title='bbox 850 1737 1025 1810; x_wconf 84' lang='grc' dir='ltr'><em>αὐτὴν</em></span> <span class='ocrx_word' id='word_1_162' title='bbox 1057 1740 1148 1794; x_wconf 86' lang='grc' dir='ltr'><em>καὶ</em></span> <span class='ocrx_word' id='word_1_163' title='bbox 1180 1739 1479 1809; x_wconf 87' lang='grc' dir='ltr'><em>κρύπτειν].</em></span> <span class='ocrx_word' id='word_1_164' title='bbox 1532 1737 1561 1795; x_wconf 85' lang='grc' dir='ltr'>ὁ</span> <span class='ocrx_word' id='word_1_165' title='bbox 1597 1739 1856 1813; x_wconf 78' lang='grc' dir='ltr'><em>δὲ”Ερως</em></span> 
     </span>
     <span class='ocr_line' id='line_1_22' title="bbox 166 1825 1855 1900; baseline 0 -16"><span class='ocrx_word' id='word_1_166' title='bbox 166 1828 272 1884; x_wconf 84' lang='grc' dir='ltr'><em>σὺν</em></span> <span class='ocrx_word' id='word_1_167' title='bbox 313 1826 501 1893; x_wconf 82' lang='grc' dir='ltr'><em>αὐτοῖς</em></span> <span class='ocrx_word' id='word_1_168' title='bbox 540 1827 753 1899; x_wconf 83' lang='grc' dir='ltr'><em>ἐρρήθη</em></span> <span class='ocrx_word' id='word_1_169' title='bbox 794 1828 1108 1898; x_wconf 75' lang='grc' dir='ltr'><em>γεγονέναι,</em></span> <span class='ocrx_word' id='word_1_170' title='bbox 1156 1825 1189 1898; x_wconf 81' lang='grc' dir='ltr'>ἡ</span> <span class='ocrx_word' id='word_1_171' title='bbox 1232 1825 1374 1900; x_wconf 84' lang='grc' dir='ltr'><em>ὁρμὴ</em></span> <span class='ocrx_word' id='word_1_172' title='bbox 1421 1825 1455 1899; x_wconf 85' lang='grc' dir='ltr'><em>ῆ</em></span> <span class='ocrx_word' id='word_1_173' title='bbox 1504 1828 1590 1883; x_wconf 83' lang='grc' dir='ltr'><em>ἐπὶ</em></span> <span class='ocrx_word' id='word_1_174' title='bbox 1629 1826 1690 1883; x_wconf 89' lang='grc' dir='ltr'><em>τὸ</em></span> <span class='ocrx_word' id='word_1_175' title='bbox 1733 1850 1855 1898; x_wconf 85' lang='grc' dir='ltr'><em>γεν-</em></span> 
     </span>
    </p>
   </div>
   <div class='ocr_carea' id='block_1_9' title="bbox 165 1986 1856 2222">
    <p class='ocr_par' dir='ltr' id='par_1_9' title="bbox 165 1986 1856 2222">
     <span class='ocr_line' id='line_1_23' title="bbox 285 1986 1855 2061; baseline 0 -27"><span class='ocrx_word' id='word_1_176' title='bbox 285 1995 322 2034; x_wconf 90' lang='grc'><em>1.</em></span> <span class='ocrx_word' id='word_1_177' title='bbox 357 1995 397 2036; x_wconf 96' lang='grc'><em>2.</em></span> <span class='ocrx_word' id='word_1_178' title='bbox 442 1986 564 2061; x_wconf 82' lang='grc' dir='ltr'><em>[ὑπὸ</em></span> <span class='ocrx_word' id='word_1_179' title='bbox 590 1990 681 2033; x_wconf 84' lang='grc' dir='ltr'><em>τῶν</em></span> <span class='ocrx_word' id='word_1_180' title='bbox 711 2015 769 2022; x_wconf 91' lang='grc'><strong>-</strong></span> <span class='ocrx_word' id='word_1_181' title='bbox 801 1987 1085 2060; x_wconf 81' lang='grc' dir='ltr'><em>πλάσμασιν]</em></span> <span class='ocrx_word' id='word_1_182' title='bbox 1120 1990 1179 2034; x_wconf 81' lang='lat' dir='ltr'><em>bc</em></span> <span class='ocrx_word' id='word_1_183' title='bbox 1210 2015 1264 2022; x_wconf 92' lang='lat'>-</span> <span class='ocrx_word' id='word_1_184' title='bbox 1298 1995 1337 2034; x_wconf 97' lang='grc'><em>2.</em></span> <span class='ocrx_word' id='word_1_185' title='bbox 1373 1986 1434 2039; x_wconf 79' lang='grc' dir='ltr'><em>ὡς</em></span> <span class='ocrx_word' id='word_1_186' title='bbox 1465 1988 1584 2059; x_wconf 83' lang='grc' dir='ltr'><em>[καὶ]</em></span> <span class='ocrx_word' id='word_1_187' title='bbox 1615 1989 1686 2033; x_wconf 86' lang='lat' dir='ltr'><em>Os.</em></span> <span class='ocrx_word' id='word_1_188' title='bbox 1713 1991 1778 2034; x_wconf 82' lang='lat' dir='ltr'><strong>ed.</strong></span> <span class='ocrx_word' id='word_1_189' title='bbox 1798 2014 1855 2022; x_wconf 88' lang='lat'><em>——</em></span> 
     </span>
     <span class='ocr_line' id='line_1_24' title="bbox 165 2043 1856 2121; baseline 0 -28"><span class='ocrx_word' id='word_1_190' title='bbox 165 2046 343 2121; x_wconf 74' lang='grc' dir='ltr'><em>ἀλόγως</em></span> <span class='ocrx_word' id='word_1_191' title='bbox 375 2049 442 2107; x_wconf 78' lang='grc' dir='ltr'><em>Ν2</em></span> <span class='ocrx_word' id='word_1_192' title='bbox 457 2046 494 2093; x_wconf 83' lang='lat' dir='ltr'><strong><em>b</em></strong></span> <span class='ocrx_word' id='word_1_193' title='bbox 536 2044 779 2104; x_wconf 76' lang='grc' dir='ltr'><em>ἀναλόγως</em></span> <span class='ocrx_word' id='word_1_194' title='bbox 820 2045 1075 2118; x_wconf 81' lang='grc' dir='ltr'><em>(άλαλόγως</em></span> <span class='ocrx_word' id='word_1_195' title='bbox 1115 2062 1230 2094; x_wconf 81' lang='lat' dir='ltr'><strong>corr.</strong></span> <span class='ocrx_word' id='word_1_196' title='bbox 1269 2048 1319 2092; x_wconf 85' lang='lat' dir='ltr'><em>in</em></span> <span class='ocrx_word' id='word_1_197' title='bbox 1349 2043 1591 2104; x_wconf 74' lang='grc' dir='ltr'><em>αναλόγως</em></span> <span class='ocrx_word' id='word_1_198' title='bbox 1627 2049 1702 2104; x_wconf 89' lang='grc' dir='ltr'><em>Χ)</em></span> <span class='ocrx_word' id='word_1_199' title='bbox 1735 2049 1856 2093; x_wconf 81' lang='lat' dir='ltr'><em>aNc</em></span> 
     </span>
     <span class='ocr_line' id='line_1_25' title="bbox 165 2082 1856 2177; baseline -0.001 -26"><span class='ocrx_word' id='word_1_200' title='bbox 165 2123 282 2152; x_wconf 87' lang='grc' dir='ltr'><em>ανευ</em></span> <span class='ocrx_word' id='word_1_201' title='bbox 314 2082 485 2177; x_wconf 71' lang='grc' dir='ltr'><em>λόγουὶ)</em></span> <span class='ocrx_word' id='word_1_202' title='bbox 520 2133 572 2139; x_wconf 96' lang='grc'><strong>-</strong></span> <span class='ocrx_word' id='word_1_203' title='bbox 608 2113 646 2150; x_wconf 90' lang='grc'><em>2.</em></span> <span class='ocrx_word' id='word_1_204' title='bbox 674 2112 715 2151; x_wconf 95' lang='lat'><em>3.</em></span> <span class='ocrx_word' id='word_1_205' title='bbox 748 2109 974 2150; x_wconf 86' lang='grc' dir='ltr'><em>τίθεσθαι</em></span> <span class='ocrx_word' id='word_1_206' title='bbox 1006 2104 1157 2150; x_wconf 83' lang='grc' dir='ltr'><em>πάλιν.</em></span> <span class='ocrx_word' id='word_1_207' title='bbox 1206 2108 1390 2161; x_wconf 79' lang='grc' dir='ltr'><em>πρῶτον</em></span> <span class='ocrx_word' id='word_1_208' title='bbox 1422 2108 1581 2150; x_wconf 87' lang='grc' dir='ltr'><em>τοίνυν</em></span> <span class='ocrx_word' id='word_1_209' title='bbox 1615 2107 1760 2152; x_wconf 81' lang='lat' dir='ltr'><strong>Schm.</strong></span> <span class='ocrx_word' id='word_1_210' title='bbox 1794 2108 1856 2150; x_wconf 77' lang='grc' dir='ltr'><em>τί·</em></span> 
     </span>
     <span class='ocr_line' id='line_1_26' title="bbox 166 2162 1856 2222; baseline -0.001 -12"><span class='ocrx_word' id='word_1_211' title='bbox 166 2169 360 2210; x_wconf 82' lang='grc' dir='ltr'><em>θεσθαι.</em></span> <span class='ocrx_word' id='word_1_212' title='bbox 418 2163 557 2209; x_wconf 86' lang='grc' dir='ltr'><em>πάλιν</em></span> <span class='ocrx_word' id='word_1_213' title='bbox 601 2167 760 2209; x_wconf 84' lang='grc' dir='ltr'><em>τοίνυν</em></span> <span class='ocrx_word' id='word_1_214' title='bbox 805 2166 988 2220; x_wconf 82' lang='grc' dir='ltr'><em>πρῶτον</em></span> <span class='ocrx_word' id='word_1_215' title='bbox 1031 2164 1172 2222; x_wconf 79' lang='grc' dir='ltr'><em>[μὲν]</em></span> <span class='ocrx_word' id='word_1_216' title='bbox 1219 2166 1291 2210; x_wconf 79' lang='lat' dir='ltr'><strong>Os.</strong></span> <span class='ocrx_word' id='word_1_217' title='bbox 1325 2167 1389 2210; x_wconf 85' lang='lat' dir='ltr'><strong>ed.</strong></span> <span class='ocrx_word' id='word_1_218' title='bbox 1431 2167 1670 2210; x_wconf 82' lang='grc' dir='ltr'><em>τίθεσθαι.</em></span> <span class='ocrx_word' id='word_1_219' title='bbox 1714 2162 1856 2209; x_wconf 88' lang='grc' dir='ltr'><em>πάλιν</em></span> 
     </span>
    </p>
   </div>
   <div class='ocr_carea' id='block_1_10' title="bbox 1051 2248 1094 2286">
    <p class='ocr_par' dir='ltr' id='par_1_10' title="bbox 1051 2248 1094 2286">
     <span class='ocr_line' id='line_1_27' title="bbox 1051 2248 1094 2286; baseline 0 0"><span class='ocrx_word' id='word_1_220' title='bbox 1051 2248 1094 2286; x_wconf 72' lang='grc' dir='ltr'><em>’ΖΟ</em></span> 
     </span>
    </p>
   </div>
   <div class='ocr_carea' id='block_1_11' title="bbox 167 2276 1857 2473">
    <p class='ocr_par' dir='ltr' id='par_1_11' title="bbox 167 2276 1855 2456">
     <span class='ocr_line' id='line_1_28' title="bbox 167 2276 1853 2354; baseline 0 -27"><span class='ocrx_word' id='word_1_221' title='bbox 167 2276 251 2327; x_wconf 81' lang='grc' dir='ltr'><em>οὖν</em></span> <span class='ocrx_word' id='word_1_222' title='bbox 286 2283 379 2354; x_wconf 87' lang='grc' dir='ltr'><em>[πρ.</em></span> <span class='ocrx_word' id='word_1_223' title='bbox 415 2282 481 2340; x_wconf 86' lang='grc' dir='ltr'><strong>μ.]</strong></span> <span class='ocrx_word' id='word_1_224' title='bbox 516 2295 539 2326; x_wconf 81' lang='lat' dir='ltr'><strong><em>c</em></strong></span> <span class='ocrx_word' id='word_1_225' title='bbox 571 2307 624 2315; x_wconf 89' lang='lat'><em>-</em></span> <span class='ocrx_word' id='word_1_226' title='bbox 666 2287 706 2326; x_wconf 87' lang='lat'><em>3.</em></span> <span class='ocrx_word' id='word_1_227' title='bbox 744 2278 1019 2352; x_wconf 78' lang='grc' dir='ltr'><em>ἐμύθευσαν</em></span> <span class='ocrx_word' id='word_1_228' title='bbox 1108 2279 1222 2353; x_wconf 86' lang='grc' dir='ltr'><em>χάος</em></span> <span class='ocrx_word' id='word_1_229' title='bbox 1253 2281 1308 2324; x_wconf 90' lang='lat' dir='ltr'><em>N</em></span> <span class='ocrx_word' id='word_1_230' title='bbox 1342 2276 1615 2354; x_wconf 75' lang='grc' dir='ltr'><em>ἐμύθευσαν</em></span> <span class='ocrx_word' id='word_1_231' title='bbox 1653 2279 1706 2326; x_wconf 91' lang='grc' dir='ltr'><em>τὸ</em></span> <span class='ocrx_word' id='word_1_232' title='bbox 1741 2299 1778 2339; x_wconf 84' lang='grc' dir='ltr'><strong>χ.</strong></span> <span class='ocrx_word' id='word_1_233' title='bbox 1814 2279 1853 2327; x_wconf 86' lang='lat' dir='ltr'><em>b&#39;</em></span> 
     </span>
     <span class='ocr_line' id='line_1_29' title="bbox 167 2328 1855 2411; baseline 0 -25"><span class='ocrx_word' id='word_1_234' title='bbox 167 2328 498 2411; x_wconf 76' lang='grc' dir='ltr'><em>ἐμυθεύσαντό</em></span> <span class='ocrx_word' id='word_1_235' title='bbox 531 2358 569 2397; x_wconf 88' lang='grc' dir='ltr'><strong>χ.</strong></span> <span class='ocrx_word' id='word_1_236' title='bbox 596 2354 659 2385; x_wconf 80' lang='lat' dir='ltr'><em>ac</em></span> <span class='ocrx_word' id='word_1_237' title='bbox 683 2366 737 2373; x_wconf 90' lang='lat'><em>—-</em></span> <span class='ocrx_word' id='word_1_238' title='bbox 771 2347 811 2384; x_wconf 88' lang='grc'><em>4.</em></span> <span class='ocrx_word' id='word_1_239' title='bbox 848 2337 914 2399; x_wconf 83' lang='grc' dir='ltr'><em>[ὁ]</em></span> <span class='ocrx_word' id='word_1_240' title='bbox 941 2342 999 2385; x_wconf 87' lang='lat' dir='ltr'><em>bc</em></span> <span class='ocrx_word' id='word_1_241' title='bbox 1032 2367 1083 2373; x_wconf 98' lang='lat'><strong>—</strong></span> <span class='ocrx_word' id='word_1_242' title='bbox 1119 2338 1221 2398; x_wconf 85' lang='grc' dir='ltr'><em>μετ’</em></span> <span class='ocrx_word' id='word_1_243' title='bbox 1248 2337 1364 2384; x_wconf 86' lang='grc' dir='ltr'><em>αυτό</em></span> <span class='ocrx_word' id='word_1_244' title='bbox 1398 2337 1452 2384; x_wconf 88' lang='grc' dir='ltr'><em>δε</em></span> <span class='ocrx_word' id='word_1_245' title='bbox 1478 2341 1537 2384; x_wconf 84' lang='lat' dir='ltr'><em>bc</em></span> <span class='ocrx_word' id='word_1_246' title='bbox 1569 2366 1622 2373; x_wconf 89' lang='lat'><em>—-</em></span> <span class='ocrx_word' id='word_1_247' title='bbox 1658 2346 1697 2386; x_wconf 88' lang='lat'><em>6.</em></span> <span class='ocrx_word' id='word_1_248' title='bbox 1733 2341 1855 2399; x_wconf 86' lang='grc' dir='ltr'><em>[τῆς]</em></span> 
     </span>
     <span class='ocr_line' id='line_1_30' title="bbox 167 2396 1857 2473; baseline 0 -29"><span class='ocrx_word' id='word_1_249' title='bbox 167 2397 334 2450; x_wconf 85' lang='grc' dir='ltr'><em>νυκτὸς</em></span> <span class='ocrx_word' id='word_1_250' title='bbox 365 2415 395 2444; x_wconf 83' lang='lat' dir='ltr'><strong><em>a</em></strong></span> <span class='ocrx_word' id='word_1_251' title='bbox 420 2425 474 2432; x_wconf 96' lang='lat'>—</span> <span class='ocrx_word' id='word_1_252' title='bbox 503 2405 540 2443; x_wconf 81' lang='lat'><em>7.</em></span> <span class='ocrx_word' id='word_1_253' title='bbox 573 2399 687 2444; x_wconf 76' lang='lat' dir='ltr'>Post</span> <span class='ocrx_word' id='word_1_254' title='bbox 718 2396 898 2469; x_wconf 81' lang='grc' dir='ltr'><em>ἡμέραν</em></span> <span class='ocrx_word' id='word_1_255' title='bbox 923 2401 983 2444; x_wconf 84' lang='lat' dir='ltr'><em>bc</em></span> <span class='ocrx_word' id='word_1_256' title='bbox 1004 2414 1131 2473; x_wconf 38' lang='lat' dir='ltr'>„quae</span> <span class='ocrx_word' id='word_1_257' title='bbox 1163 2400 1387 2453; x_wconf 76' lang='lat' dir='ltr'>inserunt,</span> <span class='ocrx_word' id='word_1_258' title='bbox 1419 2413 1474 2443; x_wconf 81' lang='lat' dir='ltr'><em>ea</em></span> <span class='ocrx_word' id='word_1_259' title='bbox 1505 2399 1612 2443; x_wconf 85' lang='lat' dir='ltr'><strong>uide</strong></span> <span class='ocrx_word' id='word_1_260' title='bbox 1642 2399 1691 2443; x_wconf 86' lang='lat' dir='ltr'><em>in</em></span> <span class='ocrx_word' id='word_1_261' title='bbox 1697 2413 1857 2473; x_wconf 79' lang='lat' dir='ltr'>prae-</span> 
     </span>
    </p>
   </div>
   <div class='ocr_carea' id='block_1_12' title="bbox 166 2454 1932 2528">
    <p class='ocr_par' dir='ltr' id='par_1_12' title="bbox 166 2454 1932 2528">
     <span class='ocr_line' id='line_1_31' title="bbox 166 2454 1932 2528; baseline 0 -26"><span class='ocrx_word' id='word_1_262' title='bbox 166 2458 343 2503; x_wconf 71' lang='lat' dir='ltr'><strong>fatione</strong></span> <span class='ocrx_word' id='word_1_263' title='bbox 381 2484 435 2491; x_wconf 86' lang='lat'>—</span> <span class='ocrx_word' id='word_1_264' title='bbox 479 2463 519 2503; x_wconf 85' lang='lat'><em>9.</em></span> <span class='ocrx_word' id='word_1_265' title='bbox 553 2456 698 2503; x_wconf 77' lang='grc' dir='ltr'><em>οἱονεὶ</em></span> <span class='ocrx_word' id='word_1_266' title='bbox 729 2454 844 2508; x_wconf 82' lang='grc' dir='ltr'><em>κάος</em></span> <span class='ocrx_word' id='word_1_267' title='bbox 875 2459 938 2502; x_wconf 85' lang='lat' dir='ltr'><em>ab</em></span> <span class='ocrx_word' id='word_1_268' title='bbox 971 2456 1118 2503; x_wconf 75' lang='grc' dir='ltr'><em>οἱονεὶ</em></span> <span class='ocrx_word' id='word_1_269' title='bbox 1149 2456 1262 2528; x_wconf 87' lang='grc' dir='ltr'><em>χάος</em></span> <span class='ocrx_word' id='word_1_270' title='bbox 1293 2471 1316 2502; x_wconf 85' lang='lat' dir='ltr'><strong><em>c</em></strong></span> <span class='ocrx_word' id='word_1_271' title='bbox 1348 2483 1403 2490; x_wconf 87' lang='lat'><em>-</em></span> <span class='ocrx_word' id='word_1_272' title='bbox 1437 2463 1507 2502; x_wconf 92' lang='grc'><em>10.</em></span> <span class='ocrx_word' id='word_1_273' title='bbox 1538 2459 1618 2501; x_wconf 84' lang='grc' dir='ltr'><em>καὶ</em></span> <span class='ocrx_word' id='word_1_274' title='bbox 1650 2454 1767 2502; x_wconf 77' lang='grc' dir='ltr'><em>αὐτὸ</em></span> <span class='ocrx_word' id='word_1_275' title='bbox 1801 2456 1856 2502; x_wconf 76' lang='grc' dir='ltr'><em>δὲ</em></span> <span class='ocrx_word' id='word_1_276' title='bbox 1924 2503 1932 2510; x_wconf 75' lang='grc'><em>,</em></span> 
     </span>
    </p>
   </div>
   <div class='ocr_carea' id='block_1_13' title="bbox 167 2514 1857 2867">
    <p class='ocr_par' dir='ltr' id='par_1_13' title="bbox 167 2514 1855 2867">
     <span class='ocr_line' id='line_1_32' title="bbox 167 2514 1855 2589; baseline -0.001 -28"><span class='ocrx_word' id='word_1_277' title='bbox 167 2518 241 2572; x_wconf 84' lang='lat' dir='ltr'><em>(ex</em></span> <span class='ocrx_word' id='word_1_278' title='bbox 267 2515 325 2572; x_wconf 87' lang='grc' dir='ltr'><em>δὴ</em></span> <span class='ocrx_word' id='word_1_279' title='bbox 351 2531 465 2561; x_wconf 86' lang='lat' dir='ltr'>corr</span> <span class='ocrx_word' id='word_1_280' title='bbox 491 2518 552 2570; x_wconf 85' lang='grc' dir='ltr'><em>Β)</em></span> <span class='ocrx_word' id='word_1_281' title='bbox 578 2518 667 2572; x_wconf 78' lang='lat' dir='ltr'><em>ab3</em></span> <span class='ocrx_word' id='word_1_282' title='bbox 699 2534 740 2561; x_wconf 86' lang='grc' dir='ltr'><strong>κ.</strong></span> <span class='ocrx_word' id='word_1_283' title='bbox 766 2533 811 2561; x_wconf 91' lang='grc' dir='ltr'><em>α.</em></span> <span class='ocrx_word' id='word_1_284' title='bbox 837 2515 934 2589; x_wconf 77' lang='grc' dir='ltr'><em>[δὲ]</em></span> <span class='ocrx_word' id='word_1_285' title='bbox 961 2531 983 2561; x_wconf 85' lang='lat' dir='ltr'>c</span> <span class='ocrx_word' id='word_1_286' title='bbox 1008 2534 1048 2562; x_wconf 82' lang='grc' dir='ltr'><strong>κ.</strong></span> <span class='ocrx_word' id='word_1_287' title='bbox 1075 2534 1119 2560; x_wconf 91' lang='grc' dir='ltr'><em>α.</em></span> <span class='ocrx_word' id='word_1_288' title='bbox 1145 2514 1232 2572; x_wconf 79' lang='grc' dir='ltr'><em>γὰρ</em></span> <span class='ocrx_word' id='word_1_289' title='bbox 1261 2516 1332 2562; x_wconf 84' lang='lat' dir='ltr'><em>Os.</em></span> <span class='ocrx_word' id='word_1_290' title='bbox 1359 2517 1424 2561; x_wconf 86' lang='lat' dir='ltr'><strong>ed.</strong></span> <span class='ocrx_word' id='word_1_291' title='bbox 1452 2542 1507 2549; x_wconf 93' lang='lat'><em>--</em></span> <span class='ocrx_word' id='word_1_292' title='bbox 1535 2521 1604 2560; x_wconf 89' lang='grc'><strong>12.</strong></span> <span class='ocrx_word' id='word_1_293' title='bbox 1630 2515 1855 2572; x_wconf 81' lang='grc' dir='ltr'><em>σβεσθέν-</em></span> 
     </span>
     <span class='ocr_line' id='line_1_33' title="bbox 167 2573 1855 2646; baseline 0 -28"><span class='ocrx_word' id='word_1_294' title='bbox 167 2592 244 2626; x_wconf 83' lang='grc' dir='ltr'><em>τος</em></span> <span class='ocrx_word' id='word_1_295' title='bbox 268 2577 326 2620; x_wconf 83' lang='lat' dir='ltr'><em>bc</em></span> <span class='ocrx_word' id='word_1_296' title='bbox 351 2574 661 2626; x_wconf 83' lang='grc' dir='ltr'><em>συνεσθὲντος</em></span> <span class='ocrx_word' id='word_1_297' title='bbox 685 2573 981 2631; x_wconf 75' lang='grc' dir='ltr'><em>(συνεὰέντος</em></span> <span class='ocrx_word' id='word_1_298' title='bbox 1003 2575 1048 2619; x_wconf 90' lang='lat' dir='ltr'><strong><em>V</em></strong></span> <span class='ocrx_word' id='word_1_299' title='bbox 1066 2575 1375 2625; x_wconf 84' lang='grc' dir='ltr'><em>συνελθέντος</em></span> <span class='ocrx_word' id='word_1_300' title='bbox 1393 2575 1478 2629; x_wconf 88' lang='grc' dir='ltr'><em>Μ)</em></span> <span class='ocrx_word' id='word_1_301' title='bbox 1495 2590 1525 2619; x_wconf 88' lang='lat' dir='ltr'><strong><em>a</em></strong></span> <span class='ocrx_word' id='word_1_302' title='bbox 1548 2600 1602 2607; x_wconf 89' lang='lat'>—</span> <span class='ocrx_word' id='word_1_303' title='bbox 1629 2575 1855 2646; x_wconf 81' lang='grc' dir='ltr'><em>σβεσθεν-</em></span> 
     </span>
     <span class='ocr_line' id='line_1_34' title="bbox 167 2629 1855 2691; baseline -0.001 -13"><span class='ocrx_word' id='word_1_304' title='bbox 167 2650 245 2685; x_wconf 87' lang='grc' dir='ltr'><em>τος</em></span> <span class='ocrx_word' id='word_1_305' title='bbox 269 2630 316 2678; x_wconf 89' lang='grc' dir='ltr'><em>δ’</em></span> <span class='ocrx_word' id='word_1_306' title='bbox 337 2630 485 2678; x_wconf 82' lang='grc' dir='ltr'><em>αυτοῦ</em></span> <span class='ocrx_word' id='word_1_307' title='bbox 508 2633 574 2685; x_wconf 80' lang='grc' dir='ltr'><em>εἰς</em></span> <span class='ocrx_word' id='word_1_308' title='bbox 597 2631 718 2689; x_wconf 81' lang='grc' dir='ltr'><em>άέρα</em></span> <span class='ocrx_word' id='word_1_309' title='bbox 742 2651 786 2691; x_wconf 91' lang='grc' dir='ltr'><em>μ.</em></span> <span class='ocrx_word' id='word_1_310' title='bbox 813 2650 856 2678; x_wconf 87' lang='grc' dir='ltr'><em>α.</em></span> <span class='ocrx_word' id='word_1_311' title='bbox 883 2651 920 2690; x_wconf 79' lang='lat' dir='ltr'><em>y.</em></span> <span class='ocrx_word' id='word_1_312' title='bbox 949 2634 1028 2678; x_wconf 81' lang='grc' dir='ltr'><em>καὶ</em></span> <span class='ocrx_word' id='word_1_313' title='bbox 1053 2629 1180 2688; x_wconf 90' lang='grc' dir='ltr'><em>υδωρ</em></span> <span class='ocrx_word' id='word_1_314' title='bbox 1199 2634 1343 2678; x_wconf 80' lang='lat' dir='ltr'><strong>Schm.</strong></span> <span class='ocrx_word' id='word_1_315' title='bbox 1363 2659 1418 2666; x_wconf 89' lang='lat'><em>--</em></span> <span class='ocrx_word' id='word_1_316' title='bbox 1447 2638 1514 2678; x_wconf 82' lang='lat'><strong>15.</strong></span> <span class='ocrx_word' id='word_1_317' title='bbox 1539 2631 1660 2677; x_wconf 79' lang='grc' dir='ltr'><em>κατὰ</em></span> <span class='ocrx_word' id='word_1_318' title='bbox 1683 2629 1855 2688; x_wconf 81' lang='grc' dir='ltr'><em>ἆραίω</em></span> 
     </span>
     <span class='ocr_line' id='line_1_35' title="bbox 168 2687 1849 2751; baseline 0 -15"><span class='ocrx_word' id='word_1_319' title='bbox 168 2707 242 2737; x_wconf 89' lang='grc' dir='ltr'><em>σιν</em></span> <span class='ocrx_word' id='word_1_320' title='bbox 269 2694 386 2738; x_wconf 83' lang='lat' dir='ltr'><em>Xbc</em></span> <span class='ocrx_word' id='word_1_321' title='bbox 416 2718 474 2725; x_wconf 93' lang='lat'><strong>—</strong></span> <span class='ocrx_word' id='word_1_322' title='bbox 509 2698 576 2737; x_wconf 91' lang='lat'><strong>16.</strong></span> <span class='ocrx_word' id='word_1_323' title='bbox 610 2691 695 2749; x_wconf 86' lang='grc' dir='ltr'><em>τὴν</em></span> <span class='ocrx_word' id='word_1_324' title='bbox 729 2693 822 2751; x_wconf 90' lang='grc' dir='ltr'><em>[τε]</em></span> <span class='ocrx_word' id='word_1_325' title='bbox 855 2693 942 2749; x_wconf 71' lang='grc' dir='ltr'><em>γῆν</em></span> <span class='ocrx_word' id='word_1_326' title='bbox 975 2694 1025 2738; x_wconf 79' lang='lat' dir='ltr'><em>lb</em></span> <span class='ocrx_word' id='word_1_327' title='bbox 1059 2718 1111 2725; x_wconf 88' lang='lat'><em>-—</em></span> <span class='ocrx_word' id='word_1_328' title='bbox 1150 2698 1217 2737; x_wconf 83' lang='lat'><strong>17.</strong></span> <span class='ocrx_word' id='word_1_329' title='bbox 1250 2687 1280 2736; x_wconf 78' lang='grc' dir='ltr'><em>ἃ</em></span> <span class='ocrx_word' id='word_1_330' title='bbox 1314 2690 1366 2736; x_wconf 86' lang='grc' dir='ltr'><em>δε</em></span> <span class='ocrx_word' id='word_1_331' title='bbox 1397 2691 1469 2736; x_wconf 85' lang='lat' dir='ltr'><em>Os.</em></span> <span class='ocrx_word' id='word_1_332' title='bbox 1503 2716 1559 2724; x_wconf 91' lang='lat'>-</span> <span class='ocrx_word' id='word_1_333' title='bbox 1592 2692 1720 2751; x_wconf 81' lang='grc' dir='ltr'><em>μυχῷ</em></span> <span class='ocrx_word' id='word_1_334' title='bbox 1745 2692 1849 2736; x_wconf 84' lang='lat' dir='ltr'><strong>Hes.</strong></span> 
     </span>
     <span class='ocr_line' id='line_1_36' title="bbox 172 2746 1857 2821; baseline -0.001 -26"><span class='ocrx_word' id='word_1_335' title='bbox 172 2750 333 2821; x_wconf 73' lang='lat' dir='ltr'><strong>Theoy.</strong></span> <span class='ocrx_word' id='word_1_336' title='bbox 370 2756 451 2794; x_wconf 87' lang='lat'><em>119</em></span> <span class='ocrx_word' id='word_1_337' title='bbox 484 2777 539 2784; x_wconf 88' lang='lat'><em>—</em></span> <span class='ocrx_word' id='word_1_338' title='bbox 584 2756 650 2796; x_wconf 89' lang='lat'><strong>18.</strong></span> <span class='ocrx_word' id='word_1_339' title='bbox 693 2751 1050 2808; x_wconf 84' lang='grc' dir='ltr'><em>περιειληφέναι</em></span> <span class='ocrx_word' id='word_1_340' title='bbox 1082 2751 1195 2795; x_wconf 83' lang='lat' dir='ltr'><em>Gale</em></span> <span class='ocrx_word' id='word_1_341' title='bbox 1234 2748 1572 2820; x_wconf 82' lang='grc' dir='ltr'><em>προειληφέναι</em></span> <span class='ocrx_word' id='word_1_342' title='bbox 1608 2749 1644 2793; x_wconf 87' lang='lat' dir='ltr'><em>O</em></span> <span class='ocrx_word' id='word_1_343' title='bbox 1678 2775 1728 2781; x_wconf 86' lang='lat'><em>——</em></span> <span class='ocrx_word' id='word_1_344' title='bbox 1773 2746 1857 2794; x_wconf 78' lang='grc' dir='ltr'><em>αὖ·</em></span> 
     </span>
     <span class='ocr_line' id='line_1_37' title="bbox 167 2806 1625 2867; baseline 0 -14"><span class='ocrx_word' id='word_1_345' title='bbox 167 2806 248 2853; x_wconf 89' lang='grc' dir='ltr'><em>τὸν</em></span> <span class='ocrx_word' id='word_1_346' title='bbox 281 2825 303 2854; x_wconf 86' lang='lat' dir='ltr'><em>c</em></span> <span class='ocrx_word' id='word_1_347' title='bbox 334 2836 390 2842; x_wconf 91' lang='lat'><strong>—</strong></span> <span class='ocrx_word' id='word_1_348' title='bbox 426 2815 490 2853; x_wconf 88' lang='grc'><em>19.</em></span> <span class='ocrx_word' id='word_1_349' title='bbox 526 2810 773 2866; x_wconf 80' lang='grc' dir='ltr'><em>γεγονέναι</em></span> <span class='ocrx_word' id='word_1_350' title='bbox 814 2807 993 2867; x_wconf 73' lang='grc' dir='ltr'><em>ἐρρήθη</em></span> <span class='ocrx_word' id='word_1_351' title='bbox 1028 2824 1049 2854; x_wconf 88' lang='lat' dir='ltr'>c</span> <span class='ocrx_word' id='word_1_352' title='bbox 1080 2835 1135 2842; x_wconf 90' lang='lat'><em>-——</em></span> <span class='ocrx_word' id='word_1_353' title='bbox 1170 2806 1196 2865; x_wconf 84' lang='grc' dir='ltr'><em>ἡ</em></span> <span class='ocrx_word' id='word_1_354' title='bbox 1231 2806 1348 2866; x_wconf 84' lang='grc' dir='ltr'><em>ὁρμὴ</em></span> <span class='ocrx_word' id='word_1_355' title='bbox 1384 2807 1454 2867; x_wconf 90' lang='grc' dir='ltr'><em>[ἡ]</em></span> <span class='ocrx_word' id='word_1_356' title='bbox 1492 2808 1625 2853; x_wconf 81' lang='lat' dir='ltr'><em>XGc</em></span> 
     </span>
    </p>
   </div>
  </div>
 </body>
</html>
