1998 3088
176 136 245 188 74
828 134 1201 179 KOPNOTTOT

173 275 276 323 ρον
306 257 419 309 τῶν
449 255 780 323 τικτουσῶν,
821 249 903 308 ἐπ’
932 250 1070 325 αὐτῇ
1101 252 1360 324 κειμένου
1381 255 1486 307 τοῦ·
1508 250 1860 308 εὐτοκεῖσθαι

170 340 236 396 τὰ
276 341 591 413 τικτόμενα,
638 339 776 396 κατὰ
820 344 1010 412 τρίτην
1059 341 1121 396 δὲ
1167 341 1442 412 φρικῶδές
1478 362 1531 395 τι
1576 341 1669 396 καὶ
1707 347 1861 413 χαλε-

172 428 280 485 πὸν
336 435 597 501 ἔχουσαν,
660 431 786 484 οἵαν
849 433 1058 500 ἔφαμεν
1113 430 1238 500 περὶ
1296 432 1391 501 τῆς
1436 427 1666 500 Ἑκάτης
1726 427 1861 484 ὑπό-

174 540 335 573 νοιαν
375 515 535 573 εἶναι.

128 620 149 652 5
285 627 327 662 ο.
367 608 452 662 35.
528 611 856 662 Τελευταῖον
912 607 975 661 δὲ
1026 605 1124 662 τὸν
1180 606 1483 679 δεχόμενον
1535 605 1633 671 τὰς
1685 616 1864 677 ψυχας

171 692 307 766 ἀέρα
333 692 587 765 ”Αιδην,
629 692 702 758 ὡς
733 698 900 766 ἔφην,
942 693 1036 750 διὰ
1074 694 1136 751 τὸ
1169 694 1352 760 ἀειδὲς
1389 695 1864 766 προσηγόρευσαν.

173 780 246 851 μὴ
287 782 646 853 φαινομένων
687 781 738 837 δ’
778 781 912 854 ἡμῖν
957 785 1070 838 τῶν
1107 781 1216 839 ὑπὸ
1264 786 1396 854 γῆν,
1444 783 1616 838 ἐκεῖσε
1662 792 1881 853 χωρεῖν.

173 870 302 934 τοὺς
342 869 772 935 διαλλάττοντας
810 870 1127 942 διεβόησαν.

283 958 579 1030 Κλύμενος
633 958 662 1015 6
704 957 897 1029 ’Ἀιδης
946 960 1159 1030 λέγεται
1211 962 1286 1034 τῷ
1342 966 1516 1024 αἴτιος
1569 957 1715 1015 εἶναι
1763 962 1864 1014 τοῦ

111 1060 154 1094 10
174 1046 387 1102 κλύειν·
452 1045 559 1118 ἀὴρ
622 1045 727 1117 γὰρ
784 1048 1163 1118 πεπληγμένος
1219 1045 1253 1118 ἡ
1313 1046 1490 1117 φωνή.
1590 1045 1866 1116 εὔβουλον

177 1133 238 1188 δὲ
283 1135 375 1188 καὶ
423 1131 696 1204 εὐβουλέα
741 1132 880 1189 κατὰ
927 1133 1374 1205 ἀποδυσπέτησιν
1423 1132 1722 1205 ὠνόμασαν
1769 1132 1868 1191 αὐ-

173 1220 273 1277 τὸν
313 1220 387 1286 ὡς
424 1227 604 1287 καλῶς
641 1223 766 1294 περὶ
803 1225 915 1278 τῶν
955 1220 1277 1294 ἀνθρώπων
1316 1223 1731 1293 βουλευόμενον
1772 1221 1867 1278 διὰ

173 1313 275 1365 τοῦ
313 1310 514 1365 παύειν
555 1309 760 1375 αὐτούς
797 1330 929 1366 ποτε
966 1313 1081 1366 τῶν
1118 1309 1311 1366 πόνων
1350 1310 1443 1365 καὶ
1487 1313 1601 1366 τῶν
1640 1315 1867 1383 φροντί-

176 1401 306 1453 δων.
378 1398 772 1469 ἐπονομάζεται
812 1399 874 1454 δὲ
913 1401 1235 1463 ἐπιθετικῶς
1273 1399 1364 1453 καὶ
1401 1399 1739 1470 πολυδέκτης
1775 1399 1869 1455 καὶ

111 1497 154 1530 15
177 1487 542 1557 πολυδέγμων
580 1488 671 1541 καὶ
710 1488 1022 1558 πολύαρχος
1058 1486 1301 1552 πολλούς
1337 1508 1395 1541 τε
1436 1486 1735 1558 δεχόμενος
1775 1487 1869 1542 καὶ

174 1578 286 1629 τῶν
323 1576 638 1646 λεγομένων
678 1574 955 1651 πλειόνων
994 1572 1028 1646 ἢ
1061 1578 1284 1631 πολλῶν
1315 1574 1516 1646 ἅρχων.
1584 1575 1868 1648 πυλάρτην

177 1662 239 1717 δὲ
278 1662 450 1719 αὐτὸν
491 1661 519 1719 6
561 1663 790 1735 ποιητὴς
823 1663 1276 1735 προσηγόρευσεν
1316 1662 1390 1728 ὡς
1420 1663 1661 1735 ἀκριβῶς
1699 1662 1870 1736 ἡρμο-

176 1751 379 1820 σμένας
425 1762 522 1816 τας
569 1751 747 1816 πύλας
794 1755 989 1823 ἔχοντα
1028 1752 1121 1807 καὶ
1160 1753 1373 1824 μηδένα
1418 1749 1659 1808 ἀνιέντα.
1737 1750 1766 1808 6
1809 1752 1871 1808 δὲ

175 1838 379 1909 Χάρων
421 1846 553 1904 ἴσως
591 1839 693 1910 μὲν
732 1839 850 1895 κατ’
896 1838 1234 1912 άντίφρασιν
1282 1843 1340 1896 ἐκ
1385 1844 1482 1911 τῆς
1518 1844 1693 1913 χαρᾶς
1730 1838 1870 1896 ὦνο-

111 1937 156 1972 20
178 1925 391 1998 μάσθη·
444 1929 678 1983 δύναται
719 1928 780 1983 δὲ
825 1929 918 1983 καὶ
963 1927 1071 1984 ἀπὸ
1120 1935 1217 1985 τοῦ
1257 1935 1455 2000 χωρεῖν
1505 1926 1560 1999 [ἢ
1604 1931 1704 1984 τοῦ
1742 1950 1870 2000 χαν-

179 2013 353 2083 δάνω]
394 2012 456 2070 τὸ
498 2019 702 2087 ἔτυμον
741 2021 887 2087 ἔχειν
936 2013 991 2086 [ἢ
1033 2013 1139 2071 ἀπὸ
1187 2020 1288 2071 τοῦ
1325 2018 1655 2086 κεχηνέναι].
1733 2015 1762 2072 6
1810 2016 1871 2072 δὲ

173 2098 409 2171 Ἀχέρων
457 2101 565 2158 ἀπὸ
624 2107 736 2158 τῶν
783 2104 1095 2174 γινομένων
1143 2104 1230 2159 ἐπὶ
1268 2110 1388 2169 τοῖς
1429 2105 1872 2175 τετελευτηκόσιν

181 2183 330 2258 ἆχῶν
361 2189 617 2260 παρήχθη
661 2191 773 2260 [καὶ
806 2189 838 2261 ἡ
875 2189 1198 2262 Ἀχερουσία
1237 2195 1443 2262 λίμνη].
1512 2191 1761 2262 φανερὸν
1810 2192 1872 2248 δὲ

181 2276 361 2331 πόθεν
399 2277 492 2332 καὶ
532 2275 560 2332 6
604 2276 870 2343 Κωκυτὸς
907 2279 998 2333 καὶ
1038 2276 1067 2334 6
1110 2279 1558 2350 Πυριφλεγέθων
1603 2278 1706 2351 τὴν
1743 2283 1871 2351 κλῆ-

297 2414 338 2452 3.
372 2408 473 2452 οἶον
505 2423 528 2453 c

296 2466 480 2512 XXXV.
515 2473 572 2512 5.
587 2465 671 2519 τὰς
701 2465 857 2540 ψυχας
889 2471 974 2514 zbe
1004 2487 1042 2515 τ.
1067 2480 1119 2526 ψ.
1145 2464 1268 2532 ᾅδου
1300 2469 1407 2528 PV2
1443 2487 1480 2515 τ.
1506 2480 1558 2526 ψ.
1590 2471 1682 2515 τῶν
1714 2475 1871 2515 τελευ-

180 2521 365 2569 τώντων
396 2526 523 2583 MV3
556 2553 610 2560 —
643 2531 684 2572 8.
717 2525 969 2599 διεβόησοιν
995 2544 1024 2573 α
1025 2527 1093 2573 ‘V
1111 2516 1319 2601 ἐβόησαν
1343 2529 1456 2573 Lbc
1488 2554 1541 2561 --
1577 2534 1617 2574 9.
1651 2526 1721 2587 [6]
1753 2525 1873 2590 ᾅδης
1910 2523 1921 2534 ’

187 2581 274 2627 Vb'
299 2610 358 2617 —
402 2590 468 2629 11.
505 2559 735 2644 εὐβουλέα
767 2582 937 2657 (εύβολ.
977 2588 1058 2644 W)
1084 2586 1149 2632 b'c
1188 2583 1444 2644 εὖβουλαία
1474 2589 1549 2632 Nl
1587 2575 1872 2658 ευβουλαίαν

180 2657 210 2686 a
212 2638 291 2699 '2V
320 2668 376 2676 —
404 2649 471 2688 16.
503 2646 724 2696 πλείονας
745 2645 811 2703 Ν2
826 2642 865 2689 b‘
894 2671 948 2678 —-
975 2651 1044 2692 20.
1077 2647 1160 2690 τοῦ
1193 2651 1359 2701 χωρεῖν
1374 2646 1520 2717 Lany
1549 2647 1630 2702 τῆς
1654 2643 1807 2703 χώρας
1833 2646 1871 2691 O

180 2701 263 2744 τοῦ
297 2703 426 2772 χωρῶ
461 2702 636 2759 (χωρέω
671 2704 767 2773 Os.)
794 2678 866 2748 2Os.
901 2704 1047 2749 Schm.
1081 2731 1135 2738 ·-
1167 2699 1196 2759 ἢ
1230 2705 1334 2759 τοῦ]
1366 2700 1470 2760 ἤτοι
1507 2704 1577 2750 08.
1702 2710 1771 2751 20.
1799 2710 1869 2750 21.

183 2757 401 2816 χανδάνω
435 2775 499 2805 ae
530 2758 750 2831 χανδάκω
783 2763 839 2806 Ν
872 2761 1115 2819 χανδάκου
1147 2763 1214 2820 N2
1229 2760 1267 2806 b'
1302 2788 1356 2795 —
1389 2768 1460 2808 21.
1501 2762 1754 2821 κεχῃκέναι
1796 2764 1873 2808 Os.

181 2819 246 2862 ed.
274 2843 327 2852 —
361 2825 429 2864 23.
464 2818 688 2876 παρήχθη
721 2821 857 2878 Lam]
887 2820 1134 2879 προσήχθη
1166 2822 1277 2865 Lbc
1307 2819 1524 2878 προήχθη
1560 2837 1589 2866 a
1590 2821 1656 2865 'V
