1998 3088
802 134 1132 177 ΕΠΙΔΡΟΜΗ.
1784 136 1817 188 9

244 272 285 307 c.
312 254 360 307 9.
407 249 568 307 Μετὰ
601 250 663 306 δὲ
693 252 865 306 ταῦτα
896 248 1076 316 ἄλλως
1108 247 1137 306 ὁ
1168 234 1372 307 ΖΕῨΣ
1398 251 1574 324 πατὴρ
1607 254 1818 323 λέγεται

131 343 283 396 θεῶν
322 340 414 394 καὶ
453 338 777 411 ἀνθρώπων
816 336 958 394 εἶναι
992 337 1085 393 διὰ
1117 338 1178 394 τὸ
1211 339 1312 411 τὴν
1343 343 1444 396 τοῦ
1470 339 1684 411 κόσμου
1715 340 1820 411 φύ-

133 445 224 484 σιν
256 431 439 483 αἰτίαν
463 428 756 499 γεγονέναι
778 430 874 498 τῆς
895 426 1112 483 τούτων
1138 425 1506 496 ὑποστάσεως,
1540 427 1614 493 ὡς
1638 431 1695 484 οἱ
1721 450 1820 484 πα-

131 518 281 587 τέρες
318 520 559 586 γεννῶσι
597 515 663 572 τὰ
702 517 880 571 τέκνα.
944 518 1381 588 νεφεληγερέτην
1422 515 1473 571 δ’
1519 515 1690 572 αὐτὸν
1730 518 1821 572 καὶ

133 607 469 676 ἐρίγδουπον
505 606 740 659 καλοῦσι
778 603 869 658 καὶ
915 602 1016 659 τὸν
1062 603 1342 673 κεραυνὸν
1390 602 1537 679 αὐτῷ
1583 609 1675 660 καὶ
1718 605 1820 676 τὴν

133 695 323 763 αἰγίδα
369 691 697 747 ἀνατιθέασι
743 695 817 766 τῷ
869 690 987 746 ἄνω
1038 689 1176 762 ὑπὲρ
1227 690 1371 763 ἡμᾶς
1420 691 1486 748 τὰ
1537 695 1679 765 νέφη
1730 695 1822 749 καὶ

132 780 227 848 τὰς
264 782 504 851 βροντὰς
542 785 915 836 συνίστασθαι
962 780 1055 836 καὶ
1093 779 1226 845 τοὺς
1263 781 1567 851 κεραυνοὺς
1607 784 1826 838 ἐκεῖθεν

132 871 224 926 καὶ
262 868 359 936 τὰς
395 871 718 939 καταιγίδας
754 867 1182 939 κατασκήπτειν,
1225 867 1450 938 [ἄλλως]
1491 873 1565 943 τῷ
1598 869 1697 925 τὸν
1732 869 1823 925 οὐ-

134 956 310 1030 ρανὸν
349 956 634 1029 λελογχότι
665 960 781 1032 θεῷ
815 955 1021 1022 παντὸς
1058 961 1159 1013 τοῦ
1198 955 1336 1029 ὑπὲρ
1368 956 1471 1029 τὴν
1504 961 1611 1028 γῆν
1650 957 1826 1014 τόπου

135 1045 571 1119 ἆπονεμομένου.
647 1046 739 1101 καὶ
779 1045 873 1101 διὰ
913 1045 1015 1117 μὲν
1052 1045 1149 1111 τὰς
1187 1050 1456 1117 αἰγίδας[,
1502 1052 1565 1102 αἳ
1607 1045 1676 1118 δὴ
1718 1045 1824 1102 ἀπὸ

133 1139 233 1192 τοῦ
257 1134 473 1191 ἀΐσσειν
497 1134 559 1191 τὸ
588 1133 766 1206 ὄνομα
791 1138 996 1205 ἕσχον,]
1024 1139 1270 1206 αἰγίοχος
1294 1135 1522 1207 ἐκλήθη,
1555 1133 1629 1191 δι’
1658 1134 1827 1201 ἄλλας

137 1223 198 1279 δὲ
238 1221 512 1294 ὁμοειδεῖς
549 1223 646 1278 καὶ·
681 1221 1124 1294 εὐεπιγντόστους
1162 1227 1338 1289 αἰτίας
1377 1222 1556 1290 ὑέτιος
1592 1226 1683 1280 καὶ
1716 1226 1828 1279 ἐπι-

133 1311 366 1384 κάρπιος
395 1312 487 1366 καὶ
517 1312 850 1382 καταιβάτης
880 1311 972 1366 καὶ
1006 1308 1344 1381 ἆστραπαῖος
1375 1313 1467 1366 καὶ
1492 1311 1673 1377 ἄλλως
1697 1319 1826 1368 πολ-

136 1402 316 1471 λαχῶς
352 1397 490 1454 κατὰ
530 1398 840 1470 διαφόρους
878 1401 1137 1464 ἐπινοίας.
1214 1401 1306 1454 καὶ
1347 1402 1568 1472 σωτῆρα
1611 1402 1700 1455 καὶ
1743 1402 1826 1471 ἑρ-

134 1509 286 1543 κειον
325 1488 418 1543 καὶ
451 1489 644 1543 πολιέα
674 1487 767 1542 καὶ
797 1491 1058 1563 πατρῷον
1089 1488 1180 1542 καὶ
1213 1485 1486 1559 ὁμόγνιον
1517 1490 1609 1544 καὶ
1643 1490 1828 1555 ξένιον

134 1578 226 1632 καὶ
264 1576 494 1647 κτήσιον
540 1576 633 1630 καὶ
672 1580 941 1646 βουλαῖον
989 1575 1080 1630 καὶ
1124 1579 1498 1647 τροπαιοῦχον
1544 1577 1636 1631 καὶ
1682 1580 1827 1633 ἐλευ-

135 1668 335 1737 θέριον
390 1663 563 1720 αὐτὸν
622 1663 1165 1735 προσαγορεύουσιν,
1227 1661 1613 1735 ἄπεριλήπτων
1676 1664 1827 1721 ὅσων

138 1752 457 1824 ὀνομασιῶν
498 1751 672 1808 αὐτοῦ
710 1752 981 1808 τοιούτων
1023 1749 1237 1822 οὐσῶν,
1283 1752 1470 1824 ἐπειδὴ
1512 1754 1829 1808 διατέτακεν

137 1845 215 1907 εἰς
252 1845 436 1896 πᾶσαν
476 1841 720 1912 δύναμιν
760 1842 851 1896 καὶ
892 1843 1081 1912 σχέσιν
1118 1841 1210 1895 καὶ
1249 1841 1476 1897 πάντων
1522 1849 1698 1906 αἴτιος
1735 1842 1827 1896 καὶ

138 1929 373 2000 ἐπόπτης
412 1930 577 1986 ἐστίν.
640 1928 784 1986 οὕτω
827 1928 878 1984 δ’
923 1931 1135 2002 έρῤήθη
1176 1930 1267 1985 καὶ
1306 1933 1403 2001 τῆς
1433 1934 1610 2002 Δίκης
1648 1929 1826 2003 πατὴρ

140 2016 282 2074 εἶναι
322 2051 393 2059 -
433 2016 463 2073 ὁ
502 2016 610 2089 γὰρ
648 2017 991 2089 παραγαγὼν
1030 2022 1108 2083 εἰς
1146 2017 1212 2072 τὰ
1252 2018 1543 2089 πράγματα
1581 2017 1686 2089 τὴν
1716 2041 1825 2074 κοι-

255 2135 332 2181 ΙΧ.
367 2140 410 2206 3.
441 2136 593 2180 αἴτιον
618 2136 643 2180 b
671 2161 724 2167 -
750 2140 792 2181 4.
827 2132 925 2194 [τὰ]
952 2134 1095 2179 τέκνα
1113 2135 1138 2179 b
1164 2160 1218 2168 —
1244 2139 1284 2179 4.
1312 2140 1350 2178 5.
1377 2135 1747 2206 νεφεληγερέτην
1772 2137 1826 2182 δε

138 2194 218 2239 καὶ
251 2190 324 2265 ἕρ.
348 2189 495 2239 αυτὸν
526 2211 567 2239 κ.
601 2195 662 2239 bc
694 2219 748 2227 —-
790 2199 830 2266 5.
874 2193 984 2266 [καὶ
1011 2190 1095 2237 τὸν
1128 2209 1223 2248 κερ.
1256 2219 1313 2226 —-
1357 2198 1396 2239 6.
1430 2190 1735 2252 ανατιθέασι]
1770 2197 1828 2240 bc

139 2278 193 2286 -
228 2259 267 2297 6.
300 2249 432 2309 ἡμῶν
459 2253 507 2296 Ρ
535 2279 590 2285 -
626 2250 724 2328 [τὰ]
757 2253 879 2309 νέφη
914 2251 1069 2309 (νέφει
1100 2253 1165 2310 N
1187 2252 1261 2310 Wl
1301 2252 1509 2298 Parisin.
1536 2257 1648 2298 2551
1683 2253 1828 2308 νέφος

142 2312 295 2357 Paris.
315 2313 526 2368 2860)be
550 2338 604 2345 —-
632 2317 672 2357 8.
700 2326 917 2383 ενσκηπτ.
945 2311 1019 2356 Ge
1043 2337 1098 2342 ——
1125 2315 1166 2355 8.
1187 2307 1335 2362 αλλως
1360 2307 1402 2356 α’
1428 2308 1586 2363 ἄλλως.
1598 2310 1651 2383 ἤ
1674 2309 1827 2356 Noci-

139 2374 239 2422 λως.
272 2367 362 2427 ἤδη
386 2371 453 2428 Ν2
467 2370 509 2415 G
539 2367 687 2421 ἄλλως
711 2366 803 2428 ἤδη
832 2371 938 2415 ch
969 2397 1024 2402 —
1058 2375 1099 2414 9.
1132 2368 1344 2427 λελαχότι
1371 2371 1422 2414 Χ
1450 2373 1581 2427 λελοχ
1585 2369 1656 2415 ότι
1688 2372 1748 2416 bc
1774 2397 1828 2403 —

138 2431 289 2474 totum
313 2429 403 2474 hoc
437 2442 618 2474 comma
648 2430 679 2474 1.
705 2435 797 2475 8-
812 2434 865 2473 10
892 2429 1037 2475 Schm.
1073 2430 1138 2473 sic
1163 2430 1389 2474 refectum
1411 2428 1535 2474 volt·
1556 2388 1711 2503 {inm
1737 2426 1827 2500 ἤδη

1844 627 1865 660 5

1850 1068 1892 1100 10

1851 1506 1893 1541 15

1851 1947 1895 1979 20

140 2489 203 2547 τῷ
229 2486 312 2557 τὸν
337 2484 542 2559 οὐρανὸν
567 2485 816 2562 λελογχότα
840 2488 922 2532 καὶ
939 2488 1162 2559 λέγεσθαι
1179 2485 1300 2533 θεὸν
1317 2484 1494 2539 παντὸς
1509 2489 1591 2533 τοῦ
1610 2485 1727 2543 ὑπερ
1745 2485 1829 2543 τὴν
1858 2524 1861 2527 -

141 2548 228 2603 γῆν
245 2542 391 2591 τόπου
403 2543 768 2619 απονεμομένου
786 2573 841 2580 --
862 2553 1012 2592 10.11.
1032 2548 1082 2590 αι
1099 2544 1156 2603 δὴ
1175 2543 1271 2592 απὸ
1291 2564 1328 2592 τ.
1347 2565 1389 2591 α.
1409 2546 1462 2591 τὸ
1483 2542 1647 2617 ὄνομα
1652 2546 1787 2619 ἔσχον
1801 2562 1831 2591 a

141 2603 216 2657 αἷς
241 2602 299 2662 δὴ
326 2602 420 2650 απὸ
448 2607 533 2650 τοῦ
558 2602 738 2651 αΐσσειν
761 2602 814 2651 τὸ
841 2602 990 2663 ὄνομα
1008 2606 1089 2651 Nc
1120 2604 1196 2657 αἷς
1220 2603 1278 2662 δὴ
1305 2602 1398 2650 ἀπὸ
1424 2621 1506 2650 του
1533 2622 1577 2651 α.
1602 2603 1653 2650 τὸ
1680 2602 1830 2663 ὁρμᾶν

143 2706 185 2751 G
208 2733 263 2740 —-
293 2712 373 2778 ‚2¹²
401 2704 684 2765 ὁμοιοειδεῖς
713 2722 737 2754 c
763 2735 815 2741 -
852 2707 1200 2763 14.15.ερκιον
1225 2722 1248 2752 c
1273 2703 1432 2762 ὅρκιον
1458 2692 1606 2765 (ρκιον
1630 2708 1699 2763 Ν)
1719 2709 1744 2752 b
1774 2732 1830 2739 --

146 2770 214 2811 18.
246 2762 374 2826 αὐτῷ
400 2767 460 2812 bc
491 2791 546 2800 —
582 2772 649 2812 18.
682 2765 907 2812 τοιούτων
933 2782 962 2812 a
992 2765 1142 2812 τούτω
1167 2767 1221 2810 Ν
1247 2763 1425 2811 τούτων
1454 2767 1529 2811 Ge
1559 2793 1616 2800 —
1648 2772 1717 2810 20.
1751 2782 1829 2810 ου-

142 2840 230 2875 τως
260 2822 307 2869 δ’
343 2812 432 2871 lM
461 2818 597 2876 οὗτος
628 2821 676 2870 δ’
714 2827 766 2870 Χ
796 2843 944 2877 ουτως
977 2826 1058 2884 [δ.]
1096 2826 1142 2868 Ρ
1171 2851 1226 2858 -
1261 2822 1435 2882 ἐρρέθη
1469 2839 1492 2869 e
