1998 3088
175 155 245 208 68
829 150 1203 194 KOPNOTTOT

173 275 260 329 καὶ
292 269 547 335 ὡεαύτως
576 273 702 324 τοὺς
733 271 845 324 τῶν
878 266 1066 323 ἄλλων
1097 265 1369 338 σωμάτων
1400 264 1647 336 ψόφους,
1685 268 1744 319 οἳ
1772 261 1865 319 διὰ

173 359 235 416 τὸ
285 361 647 431 ξηραίνεσθαι
688 359 970 428 χρησίμως
1013 353 1122 410 ὑπὸ
1167 353 1268 410 τὸν
1311 352 1447 426 ἀέρα
1488 352 1868 424 ἀποδίδονται,

176 451 478 519 δαιμονίως
519 444 804 518 ἡρμόσθαι
846 443 984 516 πρὸς
1025 443 1121 509 τὰς
1164 441 1335 508 ἀκοὰς
1375 445 1685 507 ποιοῦντος.
1758 439 1865 497 ἀπὸ

175 537 376 607 ταύτης
408 534 469 590 δὲ
507 542 603 605 τῆς
641 532 811 605 ἀρχῆς
843 534 936 589 καὶ
967 532 1337 602 Μουσηγέτης
1375 529 1584 601 ἐκλήθη
1623 530 1716 585 καὶ
1755 531 1869 585 ἐπί-

131 642 153 675 5
178 640 381 689 σκοπος
411 622 501 678 καὶ
533 619 700 687 αὐτὸς
731 626 944 689 παίζειν
975 622 1109 693 μετὰ
1140 624 1253 676 τῶν
1276 610 1533 675 Μουσῶν
1570 621 1865 690 ἐνομίσθη·

251 727 311 781 ἐκ
348 724 454 796 γάρ
493 745 581 780 τοι
622 713 905 781 Μουσέων
942 725 1035 779 καὶ
1078 722 1350 794 ἑκηβόλου
1381 721 1731 788 ’Λπόλλωνος

252 812 456 886 ἅνδρες
494 811 682 868 ἀοιδοὶ
721 816 879 868 ἔασιν
916 813 1004 868 ε’πὶ
1043 812 1213 883 χθονὶ
1251 811 1344 866 καὶ
1384 814 1643 881 βασιλῆες
1686 843 1747 851 -

179 918 355 989 φησὶν
396 915 425 972 ὁ
458 915 733 980 τΗσίοδος.
811 915 905 970 διὰ
945 918 1109 972 τοῦτο
1149 913 1255 986 γὰρ
1302 916 1394 969 καὶ
1436 911 1583 985 ἱερὸς
1621 911 1795 968 αὐτοῦ
1840 910 1869 968 ὁ

179 1005 382 1071 κύκνος
412 1008 486 1080 τῷ
521 1003 939 1076 μουσικώτατον
968 1003 1060 1058 καὶ
1093 1001 1425 1058 λευκότατον
1450 1000 1564 1073 ἅμα
1592 999 1735 1056 εἶναι
1758 1004 1872 1057 τῶν

115 1113 159 1146 10
183 1084 493 1167 ὀρνέων,’ὁ
530 1092 592 1147 δὲ
630 1091 801 1162 κόραξ
840 1089 1128 1161 ἀλλότριος
1169 1090 1262 1145 διά
1300 1113 1358 1146 τε
1395 1088 1457 1146 τό
1492 1088 1691 1162 μιαρὸς
1729 1087 1874 1145 εἶναι

180 1181 273 1237 καὶ
299 1179 390 1235 διὰ
410 1179 512 1251 τὴν
538 1178 754 1252 χροιάν.
786 1177 820 1250 ἡ
843 1179 903 1234 δὲ
923 1178 1112 1250 δάφνη
1136 1183 1331 1249 καίπερ
1358 1180 1604 1250 δαφοινή
1626 1201 1708 1243 τις
1733 1171 1875 1234 οὖσα

183 1269 390 1340 στέμμα
430 1267 605 1324 αὐτοῦ
645 1269 821 1338 ε’στιν,
870 1267 1057 1338 ἐπειδὴ
1110 1266 1333 1338 εὐερνές
1376 1287 1433 1322 τε
1478 1267 1570 1321 καὶ
1618 1264 1876 1332 ἀειθαλὲς

183 1356 362 1428 φυτόν
394 1358 529 1412 ἐστι·
569 1355 831 1427 τυγχάνει
857 1354 918 1410 δὲ
945 1355 1037 1410 καὶ
1070 1352 1432 1419 εὐέκκαυστος
1458 1347 1599 1410 οὖσα
1621 1356 1714 1409 καὶ
1737 1353 1878 1426 πρὸς

182 1446 279 1511 τὰς
315 1443 620 1517 καθάρσεις
661 1443 870 1499 οἰκεῖόν
908 1464 960 1497 τι
1007 1447 1234 1515 ἔχουσα,
1282 1440 1421 1498 ὥστε
1460 1441 1533 1514 μὴ
1575 1439 1878 1514 ἀλλοτρίως

117 1551 160 1584 15
185 1530 515 1588 ἀνακεῖσθαι
567 1534 642 1606 τῷ
700 1530 1078 1606 καθαρωτάτῳ
1128 1531 1221 1586 καὶ
1270 1531 1693 1606 καυστικωτάτςο
1744 1532 1877 1604 θεῷ.

182 1620 320 1692 τάχα
361 1620 422 1675 δὲ
458 1620 550 1675 καὶ
582 1617 643 1674 τὸ
679 1617 860 1690 ὄνομα
892 1617 1086 1690 αὐτῆς,
1127 1620 1471 1692 προστρέχον
1506 1639 1620 1684 πως
1650 1622 1726 1694 τῷ
1760 1622 1878 1674 δια-

184 1713 433 1780 φαίνειν,
476 1708 792 1779 ἐπιτηδείαν
832 1705 1008 1777 αὐτὴν
1048 1709 1272 1778 ε’ποίησε
1309 1706 1448 1779 πρὸς
1485 1705 1581 1772 τὰς
1620 1711 1879 1777 μαντείας

183 1866 275 1915 ὑπὸ
301 1866 385 1914 τὸν
409 1865 527 1925 ἀέρα
552 1866 864 1914 ἀποδίδονται
890 1870 1144 1926 δαιμονίαν
1170 1868 1263 1914 αΝ
1281 1885 1322 1913 κ.
1348 1886 1387 1912 τ.
1412 1885 1450 1913 τ.
1477 1871 1513 1922 ζ.
1540 1866 1594 1913 δὲ
1625 1865 1790 1925 φωνὰς
1813 1864 1879 1913 ὢν

185 1925 331 1979 αὐτὸς
354 1929 446 1972 τῶν
475 1924 574 1972 όὲλλ.
600 1926 710 2000 σῶμ.
735 1924 896 1985 ψόφος
926 1927 1024 1972 ἰδία
1055 1924 1107 1972 τὸ
1142 1928 1454 1985 ξηραίνεσθαι
1479 1929 1567 1985 [χρ.
1593 1924 1672 1973 ὑπ.
1699 1945 1736 1973 τ.
1763 1944 1807 1972 α.
1833 1944 1878 1971 α.

186 1988 250 2045 δ.]
284 2001 307 2032 c
344 1986 424 2031 καὶ
463 1984 573 2038 τοὺς
607 1989 709 2044 (τας
739 1987 828 2045 N2)
861 2005 899 2032 τ.
934 1989 969 2041 ζ.
1003 1984 1166 2044 φωνὰς
1205 1987 1287 2030 καὶ
1324 1983 1435 2037 τοὺς
1474 1983 1575 2041 (τάς
1605 1987 1748 2045 N2B)
1787 1987 1880 2030 τῶν

186 2042 339 2090 ἄλλων
372 2061 482 2102 σωμ.
514 2043 708 2102 ψόφους
739 2044 820 2090 διὰ
852 2062 891 2090 τ.
923 2047 961 2099 ξ.
994 2063 1033 2103 χ.
1065 2041 1160 2090 ’ὑπὸ
1192 2042 1349 2103 ([ὑπὸ]
1384 2045 1443 2101 G)
1474 2062 1512 2090 τ.
1547 2062 1592 2091 α.
1625 2042 1882 2090 ἀποδιδόν-

185 2121 263 2154 τος
302 2104 383 2148 καὶ
422 2106 677 2160 δαιμονίως
707 2105 775 2162 N2
789 2101 827 2149 b'
860 2131 919 2137 —
960 2110 998 2149 1.
1041 2100 1261 2154 ὡσαύτως
1290 2101 1401 2154 τοὺς
1438 2104 1495 2147 de
1534 2106 1695 2148 nostra
1726 2104 1879 2149 conie-

189 2164 320 2207 cssura
351 2161 617 2218 scripsimus
650 2189 704 2195 —
747 2168 787 2206 2.
828 2164 1159 2220 ξηραίνεσθαι]
1201 2162 1577 2217 κραδαίνεσθαιῗ)
1612 2188 1666 2195 -—
1708 2167 1747 2206 3.
1780 2179 1881 2207 ποι-

189 2221 376 2278 οῦντος]
409 2225 544 2264 ποιεῖ
561 2235 584 2265 ο
610 2247 662 2252 -
689 2226 730 2266 4.
757 2226 797 2264 5.
829 2222 911 2265 καὶ
934 2222 1143 2265 Μουσῶν
1177 2218 1428 2272 ἐπίσκοπος
1460 2221 1605 2266 Schm.
1638 2247 1695 2254 —-
1729 2226 1769 2265 5.
1801 2222 1882 2265 καὶ

190 2304 374 2366 [αὐτὸς]
404 2322 427 2352 c
459 2334 513 2340 —-
554 2310 739 2362 παίζειν
781 2309 840 2353 bc
877 2310 1098 2360 παιδείας
1135 2306 1176 2353 α’
1218 2309 1273 2366 V2
1307 2295 1453 2367 παιδὶ
1483 2310 1500 2353 l
1540 2335 1592 2341 -
1634 2314 1674 2356 6.
1709 2306 1762 2354 ἐκ
1793 2307 1882 2367 γάρ

189 2383 263 2411 τοι
285 2365 518 2412 Μουσέων
546 2367 619 2412 Os.
654 2364 707 2411 ἐκ
730 2363 820 2423 γάρ
844 2383 915 2411 τοι
940 2365 1159 2425 μουσάων
1183 2369 1248 2412 ab
1282 2366 1334 2412 ἐκ
1366 2365 1454 2425 ’γὰρ
1482 2366 1702 2425 μουσάων
1726 2382 1750 2413 c
1772 2369 1882 2414 Hes.

194 2426 278 2470 Th.
293 2430 350 2470 94
375 2426 472 2480 (sed
490 2426 546 2470 cf.
563 2425 918 2471 Boissonadium
944 2426 1005 2471 ad
1021 2427 1192 2483 euml.)
1211 2453 1266 2458 —
1286 2432 1324 2471 7.
1354 2426 1485 2471 ἔασιν
1510 2423 1589 2471 ἐπὶ
1612 2428 1750 2485 χθονὶ.
1767 2426 1810 2473 α’
1822 2427 1880 2486 172

191 2482 325 2528 ἔασιν
357 2481 430 2528 ἐπὶ
457 2482 615 2541 χθόνα
638 2486 706 2541 Ν,
732 2485 840 2529 Hes.
870 2485 1028 2544 Theoy.
1056 2490 1125 2542 95,
1158 2485 1240 2529 ubi
1264 2486 1457 2531 Guietus
1490 2487 1538 2530 eb
1561 2487 1716 2532 Herm.
1741 2487 1890 2543 χθονί

190 2542 442 2599 legendum
470 2556 710 2599 censuere,
745 2542 848 2588 ἔασι
877 2541 1189 2601 καταχθόνιοι
1221 2545 1304 2589 Ibe
1336 2571 1390 2576 —
1425 2546 1660 2617 βασιλῆες]
1694 2548 1882 2600 κιθαρι-

193 2602 317 2645 σταί·
353 2597 408 2645 ἐκ
440 2600 492 2645 δὲ
518 2598 634 2653 Διὸς
668 2603 880 2662 βασιλῆες
904 2603 1012 2647 Hes.
1038 2629 1096 2635 —-
1128 2609 1167 2648 8.
1203 2598 1357 2647 αὐτῶν
1381 2604 1560 2661 LV,N
1586 2605 1711 2662 αυτῷ
1737 2604 1804 2663 N8
1817 2601 1884 2649 b'c

193 2685 248 2691 -
282 2664 323 2704 9.
355 2656 407 2704 τὸ
440 2658 790 2717 μουσικώτατον
816 2687 870 2692 -
897 2659 1060 2719 [εἶναι]
1086 2659 1128 2706 α’
1141 2662 1197 2720 V2
1227 2687 1281 2694 -
1309 2667 1376 2706 11.
1398 2660 1549 2733 χροάν
1573 2660 1685 2721 a'V2
1721 2664 1884 2719 χρείαν

194 2718 340 2762 zN—
363 2724 429 2763 12.
455 2715 704 2778 ἀειθαλὲς]
730 2715 889 2770 ἀειδὲς
913 2722 999 2764 l—
1029 2726 1097 2765 13.
1123 2716 1437 2771 εὖεκκαυστος
1459 2738 1528 2771 τις
1548 2721 1619 2765 Os.
1638 2723 1703 2767 ed.
1731 2747 1784 2754 —
1814 2726 1883 2766 16.

192 2776 476 2834 προστρέχον
503 2779 603 2835 (sed
621 2794 646 2822 σ
670 2779 967 2835 postmodum
987 2780 1168 2835 intrus.)
1184 2781 1229 2823 B
1253 2778 1678 2838 προτρέχονίΗᾷῐῖΩ
1695 2781 1758 2824 Μ
1774 2795 1883 2835 προ-

190 2834 369 2893 τρέχων
393 2837 501 2881 ΝΡ
517 2837 602 2895 Vlc
619 2863 673 2870 —
693 2853 792 2889 πως
815 2838 898 2897 τῷ]
923 2836 1039 2895 πρὸς
1061 2836 1113 2883 τὸ
1133 2839 1176 2883 G
1193 2865 1247 2871 -—
1268 2844 1337 2883 16.
1365 2844 1432 2884 17.
1458 2840 1727 2899 διαβαίνειν
1743 2839 1847 2897 aNl
1861 2853 1884 2884 c
